3123 4871
1491 288 1886 355 „8-

514 501 682 568 huic
748 502 1136 569 narrationi
1194 503 1268 570 in
1326 513 1627 590 utroque
1683 503 1861 570 libro
1911 514 2078 571 sunt
2126 504 2519 571 adiunctae.
2611 506 2873 589 Itaque

513 609 586 674 in
642 609 985 676 relatione
1042 610 1265 696 ipsius
1321 620 1565 697 raptus
1632 620 1704 676 et
1757 610 2025 677 reditus
2081 612 2278 677 nulla
2337 610 2470 677 nis'i
2529 611 2662 676 hac
2717 632 2872 676 una

510 737 584 781 re
650 724 934 802 poetam
1009 717 1144 782 sibi
1205 739 1606 803 repugnare
1677 718 2035 801 existimO,
2105 718 2292 805 quod
2348 718 2421 782 in
2485 716 2717 783 Fastis
2773 717 2871 783 de

508 821 697 887 filiae
745 832 1028 909 raptore
1079 822 1284 890 Ceres
1334 823 1588 890 certior
1633 825 1719 890 fit
1766 846 1806 889 a
1841 825 2021 907 Sole,
2068 825 2141 889 in
2179 823 2868 910 Metamorphosibus

510 929 598 994 ab
645 930 999 996 Arethusa
1050 931 1386 1017 nympha.
2397 955 2402 960 ’

724 1035 863 1103 Sed
921 1058 1082 1102 cum
1133 1037 1671 1104 Krassowskius
1720 1037 1896 1103 alias
1944 1047 2308 1123 praetcrea
2355 1036 2868 1123 discrepantias

509 1151 788 1208 exstare
857 1142 1259 1227 arbitretur,
1338 1144 1425 1210 de
1504 1144 1639 1210 hac
1718 1166 1793 1210 re
1875 1145 2217 1210 nonnulla
2295 1144 2511 1210 verba
2582 1152 2870 1230 oportet

509 1248 786 1314 faciam.

726 1359 808 1420 In
844 1357 1078 1423 Fastis
1126 1358 1302 1424 haec
1350 1357 1822 1444 explicantur:
1872 1358 2193 1444 Iuppiter
2237 1380 2277 1423 a
2313 1357 2561 1424 Cerere
2595 1356 2869 1422 auxilio

511 1472 808 1528 vocatus
857 1486 934 1530 se
981 1464 1172 1530 filiae
1219 1464 1527 1531 reditum
1572 1465 1988 1530 effecturum
2024 1463 2410 1551 pollicetur.
2507 1465 2738 1547 Quem
2773 1464 2866 1529 ad

510 1569 1022 1655 perficiendum
1095 1571 1487 1637 Mercurius
1567 1572 1653 1637 ad
1733 1571 1995 1636 inferos
2074 1571 2401 1638 mittitur.
2493 1572 2711 1651 (Fast.
2758 1571 2869 1637 IV

509 1671 639 1741 605
687 1680 850 1763 sq.):

829 1781 1130 1850 Tartara
1177 1784 1414 1851 iussus
1462 1786 1613 1852 adit
1658 1786 1961 1872 sumptis
2010 1782 2364 1852 caducifer
2411 1785 2558 1869 alis,

931 1891 1214 1978 Speque
1261 1892 1444 1959 redit
1491 1890 1700 1959 citius
1748 1893 2044 1979 visaque
2092 1902 2281 1958 certa
2329 1893 2559 1961 refert.

832 1998 1067 2083 Rapta
1117 1998 1358 2083 tribus,
1407 1999 1606 2083 dixit,
1654 1998 1869 2066 solvit
1914 1998 2178 2065 ieiunia
2227 1999 2467 2084 granis

924 2105 1191 2172 Punica
1240 2127 1421 2192 quae
1469 2107 1666 2172 lento
1715 2106 1972 2172 cortice
2019 2128 2230 2193 poma
2279 2114 2551 2192 tegunt.

720 2213 956 2298 Longe
1018 2213 1239 2285 aliter,
1313 2212 1679 2280 contendit
1739 2213 2307 2296 KrassowskiuS,
2388 2212 2668 2278 Ovidius
2723 2233 2866 2275 rem

509 2324 751 2396 narrat
793 2318 866 2382 in
907 2320 1549 2405 Metamorphosibus
1601 2322 1670 2385 V
1679 2342 1724 2405 5
1721 2344 1765 2404 3
1766 2344 1832 2404 3,
1884 2343 2010 2406 quo
2049 2322 2188 2385 loco
2223 2320 2384 2384 dicit
2402 2319 2866 2403 Ascalaphum

508 2424 983 2511 Proserpinam
1041 2428 1344 2492 edentem
1399 2426 1640 2493 vidisse
1685 2429 1884 2515 idque
1931 2428 2255 2493 indicasse
2299 2429 2419 2492 lzoc
2463 2426 2685 2491 modo:

831 2584 845 2599 .
897 2587 911 2601 .
964 2588 977 2602 .
1029 2545 1104 2601 at
1152 2534 1384 2602 Cereri
1433 2546 1702 2602 certum
1754 2547 1861 2603 est
1908 2537 2205 2603 educere
2253 2544 2514 2601 natam.

831 2643 995 2707 Non
1044 2641 1146 2708 ita
1193 2643 1339 2709 fata
1387 2643 1649 2727 sinunt,
1698 2643 2031 2729 quoniam
2079 2642 2343 2708 ieiunia
2392 2642 2596 2727 virgo

830 2747 1153 2815 Solverat
1200 2758 1288 2832 et,
1336 2750 1544 2815 cultis
1594 2750 1764 2815 dum
1813 2750 2115 2836 simplex
2163 2758 2342 2816 errat
2392 2748 2467 2814 in
2512 2746 2753 2830 hortiS,

833 2854 1220 2922 Puniceum
1270 2878 1486 2923 curva
1534 2857 1979 2945 decerpserat
2025 2857 2269 2923 arbore
2314 2875 2606 2941 pomum

831 2962 1272 3049 Sumptaque
1319 2963 1614 3051 pallenti
1662 2974 1931 3051 septem
1983 2965 2069 3029 de
2118 2962 2375 3030 cortice
2423 2983 2647 3046 grana

837 3072 1195 3136 Presserat
1240 3092 1359 3137 ore
1407 3092 1558 3137 suo.
1653 3071 2003 3158 Solusque
2053 3093 2141 3136 ex
2188 3068 2517 3135 omnibus
2564 3067 2738 3133 illud

845 3176 1286 3262 Ascalaphus
1363 3177 1565 3245 vidit.
1623 3172 1678 3247 .’
1690 3224 2744 3245 .................

726 3284 920 3366 Quas
973 3283 1343 3370 utriusque
1388 3284 1549 3350 libri
1599 3285 2104 3371 explicationes
2137 3284 2321 3351 inter
2353 3305 2428 3348 se
2460 3280 2853 3366 discrepare

511 3388 779 3455 iudicat
812 3390 1379 3471 Krassowskiu53
1427 3413 1592 3457 nam
1646 3392 1878 3459 verbis
1910 3393 2186 3478 visaque
2218 3395 2394 3455 certa
2425 3389 2645 3472 refert,
2682 3407 2860 3473 quae

510 3495 585 3561 in
636 3494 869 3562 Fastis
915 3496 1250 3583 legimuS,
1323 3497 1501 3563 nihil
1550 3498 1743 3564 aliud
1792 3499 1927 3565 dici
1978 3498 2115 3564 nisi
2162 3495 2616 3578 Mercurium,
2683 3513 2862 3580 quae

507 3602 662 3689 ipse
708 3603 896 3690 apud
930 3604 1190 3671 inferos
1222 3604 1539 3688 vidisset,
1573 3606 1899 3672 retulisse
1930 3613 2119 3671 recte
2153 3602 2215 3669 ei
2248 3602 2862 3669 Zimmermannus

511 3708 899 3796 explicasse
981 3711 1264 3777 videtur
1332 3712 1405 3777 in
1476 3711 1743 3796 libello,
1828 3733 1967 3798 quo
2046 3711 2134 3777 de
2212 3721 2421 3798 raptu
2501 3718 2573 3774 et
2635 3705 2860 3772 reditu

513 3816 972 3904 Proserpinae
1061 3818 1336 3885 fabulas
1406 3818 1592 3885 inter
1671 3842 1746 3885 se
1818 3818 2276 3904 comparavit.
2296 3822 2343 3898 5)
2460 3814 2720 3882 Contra
2788 3811 2859 3877 in

508 3922 1207 4011 Metamorphosibus
1239 3936 1523 4012 poetam
1558 3947 1841 3993 narrare
1873 3924 2051 3991 haec
2076 3924 2339 3992 vidisse
2366 3921 2857 4006 Ascalaphum.

723 4033 1066 4099 Attamen
1125 4034 1414 4102 omnino
1462 4056 1606 4100 non
1654 4033 1789 4098 hoc
1836 4034 2047 4099 modo
2094 4054 2205 4099 res
2254 4053 2330 4097 se
2379 4029 2641 4095 habere
2690 4024 2858 4092 mihi

729 4245 781 4331 ⁵)
828 4253 1024 4327 Progr.
1050 4251 1279 4325 Lingen
1321 4252 1519 4317 18823
1571 4251 1645 4313 cf.
1696 4270 1850 4328 quae
1898 4251 2038 4309 dicit
2069 4250 2520 4308 Krassowskius
2553 4248 2591 4309 l.
2626 4265 2679 4305 e.
2712 4263 2770 4321 p.
2804 4245 2857 4304 7.
