3123 4871
1231 289 1672 357 ...23—

493 505 871 588 Quomodo
918 506 1367 573 diversitates
1414 506 1489 571 in
1546 504 1920 571 Fastorum
1980 505 2158 571 libro
2220 505 2366 571 sint
2412 514 2626 588 ortae,

277 611 363 678 G.
409 611 806 693 Nickius12)
852 612 987 679 hac
1031 612 1307 679 ratione
1354 613 1695 678 declarat:
1747 615 2035 678 Poetam
2082 611 2385 698 primam
2433 612 2628 676 fabu-

273 719 420 784 lam
469 719 557 784 de
583 720 803 786 Vesta
851 728 922 785 et
954 720 1205 806 Priapo
1251 718 1545 785 finxisse
1595 728 1666 785 et
1711 717 1785 783 in
1832 718 2012 784 libro
2043 719 2273 804 primo
2305 739 2627 783 narrasse

275 824 665 907 contendit3
731 825 854 891 sed
908 816 1164 893 Vestae
1230 847 1430 892 sacra
1498 825 1574 890 in
1641 835 1845 891 sexto
1910 825 2090 891 libro
2154 825 2625 891 celebrantem

276 930 617 997 Ovidium
688 931 1002 998 fabulam
1071 954 1158 997 ex
1228 933 1456 1019 primo
1519 932 1701 998 libro
1748 931 1821 996 in
1879 940 2161 997 sextum
2213 930 2626 1013 traduxisse,

273 1037 530 1103 deinde
590 1048 671 1104 ut
730 1039 1060 1104 lacunam
1121 1040 1461 1126 expleret,
1515 1039 1591 1103 in
1640 1038 1866 1124 primo
1913 1038 2092 1104 libro
2141 1039 2434 1104 eandem
2482 1038 2627 1102 iere

273 1144 587 1210 fabulam
646 1144 734 1210 de
799 1145 1053 1216 Lotide
1118 1156 1190 1212 et
1254 1146 1508 1232 Priapo
1572 1145 1977 1231 explicasse.
2080 1146 2244 1231 Ipse
2307 1143 2629 1210 concedit

273 1250 605 1316 Nickius:
700 1302 714 1315 .
773 1302 786 1316 .
849 1304 863 1318 .
920 1275 992 1316 so
1049 1252 1338 1317 bekenne
1393 1253 1498 1316 ich
1528 1253 1928 1338 freimzitig,
1989 1252 2143 1315 dass
2195 1252 2298 1315 z'clz
2356 1251 2630 1316 dieselbe

275 1357 657 1438 (Erklarun
664 1365 737 1443 g)
796 1380 935 1423 nur
989 1360 1090 1423 als*
1132 1360 1512 1445 Ilypothese
1560 1359 1913 1431 batrachte,
1974 1359 2086 1422 die
2131 1358 2236 1421 z'clz
2279 1358 2438 1422 aber
2480 1359 2627 1443 auf-

274 1464 461 1528 recht
501 1465 801 1529 erhalten
835 1488 1035 1539 mum,
1090 1520 1100 1532 .
1156 1520 1169 1533 .
1223 1517 1236 1530 .
1289 1467 1381 1531 bis
1410 1466 1740 1531 vz‘elleicht
1768 1465 1979 1530 durch
2012 1465 2158 1529 eine
2178 1465 2630 1549 glaublz‘clzere

275 1570 382 1634 die
463 1571 980 1658 Wz'dersprziche
1047 1573 1196 1638 eine
1266 1574 1513 1638 bessere
1572 1574 1916 1658 Deulung
1969 1572 2324 1657 gesunden
2392 1571 2622 1636 haben.

273 1679 526 1763 Itaque
595 1678 733 1744 alia
802 1679 1076 1745 ratione
1145 1701 1293 1745 rem
1364 1679 1771 1745 examinare
1842 1680 2165 1745 conabor.
2274 1681 2376 1746 Ut
2443 1677 2627 1743 inter

273 1805 522 1849 omnes
586 1795 880 1868 constat,
949 1785 1251 1852 Ovidius
1309 1785 1459 1873 ipse
1517 1786 1832 1851 fabulam
1888 1785 1975 1850 de
2035 1785 2286 1871 Priapo
2335 1786 2627 1851 Vestam

273 1901 561 1957 amante
616 1891 855 1974 finxit3
919 1913 1059 1978 qua
1105 1914 1179 1957 re
1226 1892 1604 1978 praecipue
1652 1913 1776 1957 cur
1822 1892 1958 1957 hoc
2005 1892 2247 1958 fecerit
2294 1912 2630 1977 quaeren-

272 1996 443 2062 dum
515 2019 667 2063 esse
726 2008 924 2085 puto,
1018 1999 1113 2065 At
1175 1998 1250 2064 in
1316 1998 1546 2085 primo
1604 1998 1784 2064 libro
1841 1998 2177 2085 quidnam
2237 2019 2399 2063 eum
2448 2020 2631 2063 com-

271 2103 603 2185 moverit,
663 2105 989 2191 equidem
1039 2105 1455 2191 intellegere
1504 2127 1646 2171 non
1693 2126 2002 2191 possum,
2065 2127 2230 2171 nam
2277 2105 2366 2170 de
2412 2103 2628 2171 Vesta

271 2209 394 2274 illo
470 2210 626 2293 loco
705 2210 881 2276 nihil
954 2221 1298 2278 narratur.
1418 2214 1633 2277 Poeta
1713 2221 1956 2278 narrat
2026 2211 2277 2298 Priapo
2346 2211 2627 2277 asinum

271 2316 623 2382 immolari
674 2327 745 2383 et
792 2339 1082 2383 causam
1115 2317 1362 2403 fingit:
1414 2318 1710 2403 Priapus
1735 2318 2126 2404 nympham
2160 2318 2628 2383 dormientem

273 2423 734 2509 comprimere
814 2425 1068 2509 voluit,
1157 2426 1278 2492 sed
1358 2425 1619 2492 asellus
1700 2448 1899 2491 rauco
1965 2448 2077 2491 ore
2146 2425 2633 2512 intempestivos

269 2553 461 2595 sonos
525 2532 748 2605 edidit,
815 2541 887 2599 et
957 2532 1056 2599 ita
1125 2533 1439 2618 nympha
1488 2533 1987 2619 expergefacta
2036 2533 2307 2619 effugit.
2400 2533 2631 2598 Alicu-

271 2625 384 2703 ius
440 2638 799 2724 nymphae
860 2661 1117 2705 nomen
1167 2639 1442 2711 Lotidis
1499 2639 1698 2707 addit
1743 2649 1970 2726 poeta,
2027 2640 2114 2704 de
2173 2660 2313 2726 qua
2370 2638 2630 2704 similia

272 2744 348 2809 in
397 2746 1088 2832 Metamorphosibus
1150 2746 1475 2832 legimus
1498 2746 1579 2833 13)
1672 2747 1933 2813 Omnia
1988 2746 2165 2811 haec
2212 2746 2366 2811 sine
2413 2745 2628 2810 dubio

271 2851 688 2938 intellegere
719 2874 1128 2938 possumus;
1179 2854 1301 2919 sed
1337 2875 1460 2919 cur
1490 2853 1564 2919 in
1601 2853 1830 2940 primo
1861 2853 2041 2919 libro
2074 2853 2303 2940 ipsam
2332 2855 2627 2919 Vestam

269 2957 677 3024 induceret?
766 2960 864 3024 At
911 2981 1035 3025 cur
1081 2960 1156 3025 in
1204 2960 1383 3026 libro
1430 2970 1637 3026 sexto
1684 2960 1819 3026 hoc
1864 2959 2129 3040 fecerit,
2172 2958 2626 3046 perspicuum

273 3074 414 3130 est:
486 3068 683 3131 Deae
731 3087 931 3132 sacra
966 3066 1245 3153 copiose
1278 3067 1680 3133 describens
1716 3075 1953 3132 narrat
1985 3066 2286 3153 pistores
2311 3064 2629 3131 Vestalia

274 3171 707 3237 celebrantes
765 3173 1009 3239 asinos·
1060 3174 1355 3239 floribus
1413 3194 1774 3239 exornare.
1868 3172 2276 3240 Secundum
2324 3171 2484 3237 libri
2530 3171 2631 3236 in-

272 3277 503 3343 dolem
564 3274 642 3344 τὸ
705 3276 917 3345 αἴτιον
975 3281 1351 3366 explorans
1398 3279 1609 3366 primi
1668 3279 1828 3344 libri
1889 3278 2312 3346 narrationis
2360 3300 2630 3345 mernor

271 3383 735 3471 fabulamque
803 3395 1092 3452 mutans
1158 3386 1440 3452 asinum
1498 3389 1795 3453 Vestam
1865 3407 2182 3451 servasse
2248 3386 2630 3452 ementitur

273 3500 345 3557 et
400 3493 585 3556 hanc
632 3492 721 3557 ob
769 3514 917 3558 rem
979 3493 1153 3559 deae
1200 3514 1478 3558 sacrum
1530 3514 1684 3559 esse
1733 3503 1803 3558 et
1851 3514 1893 3558 a
1939 3491 2323 3580 pistoribus
2371 3495 2628 3558 ornari.

276 3598 452 3662 Mihi
503 3598 790 3684 quidem
837 3599 973 3665 hoc
1019 3599 1229 3665 modo
1261 3599 1516 3665 melius
1550 3599 1889 3666 declarari
1923 3599 2224 3682 videtur,
2258 3621 2382 3665 cur
2413 3608 2625 3685 poeta

272 3705 359 3769 de
406 3707 628 3771 Vesta
685 3706 861 3772 haec
918 3706 1206 3772 finxerit
1263 3717 1334 3773 et
1392 3708 1747 3793 quomodo
1809 3705 2143 3787 evenerit,
2203 3717 2283 3772 ut
2331 3706 2626 3772 eandem

271 3803 586 3877 fabulam
634 3813 709 3877 iu
759 3812 1006 3879 eodem
1057 3835 1267 3900 opere
1314 3813 1423 3879 bis
1474 3813 1678 3880 aliter
1726 3812 2152 3900 exposuerit.

493 3973 572 4057 ¹2)
621 3977 697 4035 G.
744 3978 916 4046 Nick‚
962 3980 1250 4054 Philolog.
1295 3980 1411 4037 vol.
1444 3978 1703 4035 XXXVI
1750 3998 1809 4053 p.
1842 3978 1971 4039 435
2006 3997 2137 4054 sqq.
2185 3974 2275 4059 (in
2306 3978 2502 4034 Peteri
2550 3979 2629 4034 ad

270 4066 480 4123 Fastos
527 4068 1020 4125 adnotationibus
1066 4087 1125 4142 p.
1165 4068 1241 4127 18
1292 4087 1492 4126 errore
1540 4068 1829 4143 scriptum
1878 4077 1972 4126 est
2016 4071 2131 4125 vol.
2177 4061 2421 4148 XXXI).

491 4149 571 4237 ¹³)
640 4157 911 4213 Fabulae
991 4157 1211 4223 forma,
1296 4176 1480 4233 quam
1556 4158 1618 4213 in
1681 4158 2277 4232 Metamorphosibus
2356 4156 2638 4230 legimus,-

270 4245 465 4318 prima
512 4263 647 4301 esse
697 4246 844 4302 mihi
892 4247 1142 4303 videtur.
