3123 4871
1449 336 1844 399 ...6-

474 548 714 615 libello
761 570 991 636 neque
1039 571 1284 615 omnes
1331 560 1835 616 recenseantur
1882 550 2346 632 diversitateS,
2403 551 2588 637 quod
2636 550 2827 615 infra

474 654 652 721 mihi
719 655 851 722 erit
906 656 1554 738 demonstrandum,
1627 667 1697 723 et
1767 665 2012 722 auctor
2083 657 2171 722 de
2237 657 2525 740 causiS,⁴
2562 657 2828 743 quibus

476 773 873 829 commotus
929 773 1137 849 poeta
1185 763 1679 830 Sulmonensis
1734 764 1945 829 modo
1992 764 2177 829 hanc
2226 764 2435 830 modo
2483 763 2677 828 illam
2725 764 2825 828 ia-

473 868 682 935 bulae
738 870 1034 934 formam
1094 871 1468 955 protulisse
1526 870 1877 953 videatur,
1926 880 1997 936 et
2053 871 2298 957 quanti
2348 869 2441 936 sit
2487 870 2664 936 haec
2709 892 2828 935 res

475 976 561 1041 ad
613 976 1082 1062 explorandos
1132 976 1370 1043 Ovidii
1418 977 1646 1043 fontes
1680 977 2049 1063 perpaucis
2084 987 2360 1043 tantum
2396 976 2828 1058 disseruerit,

475 1082 570 1147 ad⁴
621 1081 773 1148 eius
832 1082 1334 1169 explicationes
1382 1083 1664 1169 saepius
1713 1083 1888 1148 mihi
1945 1083 2383 1149 redeundum
2436 1082 2593 1155 erit,
2655 1103 2829 1168 quo·

472 1188 663 1254 niam
714 1188 886 1254 mihi
938 1190 1269 1276 proposui
1319 1190 1557 1256 hocin
1593 1190 1824 1276 capite
1867 1190 2271 1255 examinare
2302 1189 2596 1271 fabulaS,
2644 1209 2827 1274 quas

475 1296 810 1362 tractavit
856 1307 1063 1381 poeta
1111 1297 1314 1362 aliter
1359 1296 1434 1361 in
1471 1296 1704 1363 Fastis
1754 1278 1956 1362 aliter
2002 1296 2076 1361 in
2111 1295 2826 1383 MetamorphosibuS,

475 1424 651 1488 quos
705 1401 919 1468 libros
975 1403 1574 1489 praeclarissimos
1616 1409 1846 1490 'atque
1904 1402 2474 1488 elegantissimos
2521 1401 2824 1468 materia

472 1511 657 1575 inter
703 1531 778 1574 se
826 1509 1219 1575 simillimos
1267 1531 1419 1574 esse
1467 1520 1761 1576 constat.

691 1617 1011 1699 Quarum
1071 1616 1564 1682 diversitatum
1614 1616 1919 1702 primum
1983 1637 2101 1681 eas
2150 1614 2611 1700 contemplari
2660 1635 2830 1679 con·

473 1722 694 1807 stitui,
746 1745 927 1809 quae
974 1723 1320 1809 plurimae
1368 1723 1832 1790 inveniuntur
1871 1723 1943 1788 in
1977 1722 2379 1789 narratione
2427 1722 2527 1787 de
2574 1730 2820 1806 raptu

474 1840 553 1896 et
598 1830 874 1896 reditu
926 1830 1500 1916 Proserpinae,
1549 1852 1761 1916 quam
1810 1829 1882 1895 in
1919 1840 2219 1915 utroque
2251 1850 2459 1914 opere
2492 1827 2828 1914 exposuit

471 1945 697 2021 poeta.
793 1937 1013 2023 (Fast.
1066 1939 1168 2004 IV
1224 1933 1355 2001 417
1403 1959 1550 2023 sqq.
1623 1975 1708 1985 —-
1780 1939 1948 2004 Met.
1998 1938 2062 2003 V
2109 1933 2233 2000 341
2286 1935 2465 2022 sqq.)
2567 1937 2826 2020 Neque

473 2041 659 2108 enim
708 2042 782 2107 in
829 2044 975 2109 ulla
1019 2044 1155 2109 alia
1189 2043 1427 2109 fabula
1462 2053 1533 2109 et
1565 2043 1637 2108 in
1667 2042 1898 2108 Fastis
1932 2052 2004 2109 et
2033 2042 2105 2107 in
2131 2040 2825 2128 Metamorphosibus

468 2152 744 2236 prolata
794 2152 1054 2217 totiens
1102 2175 1142 2217 a
1191 2174 1265 2216 se
1310 2152 1462 2237 ipso
1496 2154 1855 2216 Nasonem
1890 2151 2338 2235 discrepasse,
2388 2170 2818 2237 quamquam

472 2257 720 2323 iisdem
779 2259 923 2324 fere
971 2258 1205 2324 verbis
1252 2280 1422 2324 usus
1472 2269 1607 2340 est,
1678 2257 2102 2340 videbimuS,
2174 2279 2312 2343 quo
2369 2267 2451 2323 ut
2498 2255 2827 2342 quaestio

471 2365 557 2429 de
613 2375 865 2452 poetae
921 2365 1235 2431 fontibus
1294 2365 1425 2430 hac
1482 2365 1551 2430 in
1613 2364 1878 2452 duplici
1934 2365 2214 2430 fabulae
2260 2363 2661 2429 narratione
2703 2362 2819 2427 ad-

471 2472 716 2538 hibitis
764 2494 1030 2559 magna
1080 2484 1292 2559 atque
1339 2472 1759 2538 difficillima
1808 2472 1917 2555 sit,
1969 2471 2291 2538 efficitur.

588 2601 592 2606 ·
687 2579 964 2663 Quibus
1017 2580 1103 2644 de
1151 2579 1465 2646 fontibus
1511 2579 1653 2645 iam
1690 2590 1797 2646 est
1829 2579 2267 2665 disputatum
2304 2600 2344 2643 a
2382 2578 2749 2643 Foerstero
2764 2575 2827 2661 ⁴)

472 2697 543 2753 et
575 2709 615 2752 a
650 2687 1139 2752 Krassowskio
1189 2686 1255 2773 (l.
1289 2708 1344 2751 c.
1379 2708 1445 2772 p.
1481 2685 1589 2767 5.).
1673 2689 1952 2778 Itaque*
1974 2685 2158 2771 quod
2207 2684 2442 2751 neutri
2491 2683 2817 2770 equidem

472 2792 796 2859 assentiri
829 2814 1139 2878 possum,
1172 2792 1479 2879 primum
1514 2814 1675 2858 cum
1709 2792 1820 2858 his
1854 2792 2026 2857 mihi
2060 2814 2171 2857 res
2205 2791 2356 2858 erit.
2407 2789 2822 2856 Foersterus

471 2901 661 2965 enim
726 2899 835 2964 bis
894 2899 1191 2965 eandem
1258 2900 1570 2965 fabulam
1641 2899 2029 2984 explicasse
2088 2901 2448 2963 Nasonem
2515 2906 2826 2983 praeter-

462 3005 707 3089 mittit,
793 3015 1005 3092 atque
1073 3006 1361 3072 alterius
1441 3005 1671 3091 operis
1757 3006 1969 3072 verba
2049 3003 2455 3091 perquirens
2528 3001 2818 3069 alterius

468 3112 820 3198 neglegit3
887 3134 1190 3199 cumque
1237 3113 1336 3179 ita
1386 3112 1891 3199 explicationes
1938 3122 2188 3198 poetae
2236 3109 2596 3176 nonnullis
2643 3107 2820 3174 locis

470 3220 656 3285 inter
726 3242 800 3285 se
871 3220 1244 3286 cohaerere
1315 3242 1457 3285 non
1529 3229 1745 3303 curet,
1818 3242 1904 3284 ex
1976 3218 2251 3284 duobus
2321 3213 2824 3284 diversissimis

416 3380 422 3388 .
469 3326 783 3412 fontibus
817 3325 1201 3413 sumpsisse
1236 3348 1397 3393 eum
1431 3327 1706 3392 fabulas
1741 3325 2124 3393 contendit.
2206 3325 2435 3407 Quam
2468 3320 2821 3387 Foersteri

468 3433 812 3499 rationem
871 3434 1120 3500 falsam
1180 3456 1331 3499 esse
1389 3442 1590 3519 puto;
1650 3455 1815 3498 nam
1871 3433 1931 3498 si
1992 3432 2237 3497 eadem
2285 3428 2581 3495 materia
2629 3427 2817 3513 apud

469 3540 770 3606 eundem
831 3551 1112 3626 poetam
1161 3540 1268 3606 bis
1318 3539 1669 3626 explicata
1716 3539 2007 3625 legitur,
2067 3537 2142 3602 in
2190 3536 2436 3622 primis
2485 3556 2826 3622 quaeren-

468 3648 639 3714 dum
689 3657 821 3729 est,
887 3647 959 3712 ni
1008 3647 1235 3729 fallor,
1299 3646 1637 3734 quidnam
1684 3645 2043 3731 impediat,
2109 3665 2199 3708 ne
2262 3665 2485 3709 unum
2537 3652 2813 3707 tantum

468 3738 735 3821 fontem
786 3775 939 3820 esse
987 3754 1385 3820 adhibitum
1435 3774 1874 3833 censeamus;
1923 3749 2108 3837 quod
2144 3750 2232 3815 ad
2266 3747 2820 3815 examinandum

468 3861 646 3928 duas
701 3861 860 3927 illas
917 3862 1361 3927 narrationes
1419 3880 1825 3947 comparare
1882 3879 2061 3943 opus
2124 3867 2251 3924 est.
2344 3855 2486 3922 Sed
2541 3855 2676 3920 hac
2730 3854 2824 3918 de

466 3991 541 4033 re
588 3968 766 4034 nihil
817 3966 1248 4033 Foersterus.

684 4201 738 4288 ⁴)
808 4206 1144 4265 Richardus
1201 4205 1245 4261 F
1249 4210 1508 4271 oerster‚
1569 4201 1741 4260 Raub
1799 4201 1924 4258 und
1974 4201 2269 4259 Rt‘ickkelar
2318 4200 2417 4259 der
2465 4198 2822 4274 Proserpina.

463 4296 843 4372 Stutgardiae
899 4294 1086 4356 1874.
