3123 4871
1172 286 1612 355 *59-

221 502 543 583 afferam,
604 501 976 588 perpaucis
1024 501 1278 589 Oedipi
1326 502 1639 571 fabulam
1688 501 2002 589 attingit,
2058 501 2225 568 alibi
2275 503 2362 567 ab
2410 503 2567 588 ipso

221 629 360 674 non
409 617 1027 675 commemoratam
1074 609 1274 695 (Met.
1323 611 1462 677 VII
1512 605 1643 674 759
1689 613 1850 696 sq.:)

540 732 867 798 Carmina
916 732 1221 803 Lai'ades
1268 754 1410 798 non
1458 733 1818 799 intellecta
1865 733 2176 820 priorum

536 839 866 906 Solverat
910 839 1238 925 ingeniiS,
1285 850 1356 905 et
1403 838 1861 927 praecipitate
1907 840 2182 906 iacebat

540 949 920 1012 Immemor
968 946 1353 1032 ambagum
1403 956 1608 1013 vates
1654 946 1950 1013 obscura
1998 969 2309 1014 suarum.

441 1070 808 1136 Praeterea
878 1070 936 1136 si
1006 1092 1253 1137 versus
1319 1070 1719 1155 eiceremuS,
1788 1071 2290 1158 Aesculapium
2350 1071 2564 1138 etiam

220 1177 572 1242 Glaucum
632 1190 952 1243 servasse
998 1177 1134 1243 hoc
1179 1178 1334 1243 loco
1381 1187 1803 1244 narraretur.
1900 1178 2107 1262 Quod
2155 1177 2309 1244 fieri
2355 1200 2564 1265 posse

220 1282 540 1348 nonnulli
620 1283 1081 1364 contendunt,
1160 1283 1326 1369 quia
1404 1281 1617 1351 etiam
1697 1284 1883 1370 apud
1963 1283 2137 1350 alios
2205 1283 2490 1370 legitur.
2509 1283 2565 1370 ⁹)

218 1388 491 1454 Tamen
539 1392 900 1455 Nasonem
950 1388 1360 1476 exposuisse
1407 1389 1907 1477 Aesculapium
1958 1391 2170 1457 etiam
2207 1391 2562 1457 Glaucum

219 1516 536 1562 servasse
593 1495 1000 1562 incredibile
1050 1518 1203 1561 esse
1248 1507 1443 1582 puto,
1539 1499 1725 1563 Nam
1777 1497 2112 1583 quoniam
2159 1496 2246 1563 de
2296 1497 2567 1584 Hippo-

217 1602 367 1684 lyto
412 1602 599 1667 idem
650 1612 860 1668 antea
907 1602 1186 1682 dicitur,
1235 1602 1294 1668 si
1344 1624 1593 1669 versus
1638 1603 2273 1690 exstingueremuS,
2305 1605 2565 1670 Aescu-

218 1708 482 1794 lapium
516 1709 625 1775 bis
656 1709 1062 1775 hominibus
1100 1709 1319 1775 vitam
1353 1710 1763 1777 reddentem
1801 1710 2251 1797 descripsisse
2276 1722 2560 1797 poetam

218 1825 608 1901 appareret.
701 1817 797 1882 At
842 1816 1018 1883 haec
1066 1837 1225 1881 cum
1272 1815 1360 1881 iis
1408 1814 1827 1903 discrepant,
1875 1838 2056 1902 quae
2099 1817 2400 1884 Ovidius
2449 1840 2564 1883 ex-

217 1922 432 2006 plicat
476 1921 549 1986 iu
600 1944 809 1988 versu
858 1918 989 1987 759
1037 1944 1143 2009 sq:

536 2046 872 2132 Iuppiter,
943 2047 1419 2132 exemplum
1479 2047 1829 2130 veritUS,
1901 2046 2158 2114 direxit
2205 2048 2279 2113 in
2328 2048 2559 2135 ipsum

628 2152 976 2234 Fulmina,
1026 2153 1145 2239 qui
1196 2153 1458 2219 nimiae
1507 2165 1830 2220 moverat
1877 2154 2049 2220 artis
2098 2177 2326 2241 opem.

429 2261 615 2325 Nam
673 2270 883 2345 poeta
940 2259 998 2325 si
1056 2260 1197 2325 iam
1255 2271 1462 2326 antea
1509 2261 2013 2347 Aesculapium
2075 2260 2437 2327 hominem
2486 2262 2560 2327 in

221 2365 441 2432 vitam
491 2364 856 2432 reduxisse
906 2366 1349 2450 narravisset,
1399 2388 1541 2431 non
1576 2366 1810 2454 potuit
1841 2367 2142 2434 scribere
2176 2370 2560 2455 exemplum

216 2474 501 2542 veritus,
576 2474 695 2539 sed
769 2495 988 2539 unum
1062 2473 1533 2561 Hippolytum
1605 2496 1758 2540 esse
1825 2487 2184 2542 servatum
2252 2477 2339 2541 ab
2395 2477 2563 2543 Aes-

217 2580 493 2665 culapio
559 2580 851 2646 rettulit.
969 2579 1380 2647 Ehwaldius
1447 2580 1732 2667 quidem
1755 2586 1831 2664 ¹⁰)
1910 2582 2089 2668 legit
2151 2605 2279 2669 pro
2335 2606 2565 2668 augur

216 2686 285 2750 in
354 2708 563 2753 versu
632 2682 760 2751 751
818 2687 1081 2772 anguis.
1191 2687 1329 2755 Sed
1391 2688 1696 2776 primum
1771 2688 1946 2764 haec
2016 2689 2418 2755 emendatio
2490 2700 2561 2755 et

215 2792 367 2879 ipsa
438 2794 725 2880 respicit
789 2795 873 2861 ad
942 2794 1252 2861 fabulam
1325 2795 1580 2862 Glauci
1650 2797 1738 2861 ab
1796 2796 2220 2883 Aesculapio
2288 2797 2551 2864 servati

216 2922 425 2985 quam
489 2902 626 2967 hoc
680 2902 835 2967 loco
893 2923 1034 2967 uon
1096 2924 1248 2968 esse
1306 2912 1668 2969 narratum
1726 2902 2232 2984 demonstravi3
2305 2903 2559 2969 deinde

216 3018 453 3073 autem
501 3018 782 3093 poetam
833 3008 905 3073 in
957 3008 1234 3075 duobus
1284 3009 1625 3089 versibUS,
1671 3008 1790 3095 qui
1841 3009 2235 3093 cohaerent,
2292 3010 2404 3076 vel
2455 3019 2560 3076 ter

215 3112 561 3179 vocabulo
626 3116 878 3200 anguis
943 3136 1094 3181 esse
1161 3137 1367 3181 usum
1432 3126 1512 3181 ut
1557 3126 1822 3202 putem,
1896 3119 1936 3182 a
1999 3138 2109 3182 me
2178 3116 2560 3204 impetrare

213 3240 353 3285 non
425 3241 743 3306 possum,
802 3221 989 3308 quod
1038 3245 1125 3287 ex
1172 3223 1333 3308 lege
1382 3221 1553 3287 artis
1602 3221 1777 3287 haec
1826 3244 1977 3287 esse
2025 3223 2213 3288 dicta
2261 3244 2558 3309 negem:

532 3326 740 3394 Tunc
786 3350 947 3394 cum
991 3329 1399 3395 observatas
1449 3329 1753 3415 anguis
1801 3329 2163 3396 descendit
2194 3330 2265 3395 in
2301 3329 2558 3397 herbas

623 3437 817 3502 Usus
866 3444 937 3501 et
984 3434 1250 3501 auxilio
1299 3444 1407 3500 est
1464 3435 1765 3522 anguis
1813 3436 1900 3501 ab
1949 3457 2222 3522 angue
2269 3436 2457 3506 dato·

428 3560 677 3645 Itaque
745 3558 1072 3625 servandi
1136 3569 1303 3625 sunt
1366 3580 1631 3643 versuS,
1702 3581 1931 3647 neque
1995 3582 2208 3627 causa
2274 3572 2380 3627 est
2435 3583 2559 3628 cur

211 3675 493 3749 poetam
576 3665 846 3749 Polyidi
926 3666 1240 3731 fabulam
1321 3688 1462 3732 nou
1546 3688 2135 3734 commemorasse
2201 3653 2554 3753 putemus,

213 3770 723 3837 Difficultatem
799 3771 1083 3857 quidem
1151 3773 1491 3859 praebent
1549 3773 1780 3856 verba,
1851 3773 2106 3860 quibus
2165 3775 2558 3861 explicatur

210 3898 539 3961 augurem
634 3878 1080 3945 descendisse
1195 3881 1272 3942 l'tz
1366 3881 1742 3944 observatas
1786 3881 2083 3963 'herba-93
2203 3903 2367 3947 nam
2456 3882 2557 3947 ita

457 4058 509 4130 ⁹)
556 4060 630 4117 cf.
676 4060 828 4136 Hyg.
874 4059 996 4117 fab.
1043 4062 1147 4122 49.

211 4234 343 4292 CIX
408 4147 912 4312 13⁰)223h1e8ben
973 4152 1075 4207 fib.
1141 4152 1198 4208 d.
1245 4153 1540 4210 Fortschr.
1607 4153 1663 4209 d.
1708 4153 1906 4212 Klass„
1954 4156 2160 4211 Altert.
2209 4154 2382 4212 Wiss.
2439 4156 2557 4211 vol.
