3123 4871
1459 345 1900 414 —10-

508 562 662 628 sine
739 562 954 629 dubio
1033 565 1327 634 alteram
1401 562 1875 641 narrationem
1948 575 2486 651 componentem
2561 565 2856 630 alteram

505 668 897 755 inspexisse
944 670 1128 739 infra
1174 670 1594 754 videbimuS,
1641 670 1741 737 ita
1789 692 2055 737 errasse
2104 671 2430 758 equidem
2476 693 2619 737 non
2652 680 2860 764 puto;

504 797 672 850 nam
721 798 883 843 cum
931 787 1216 863 poetam
1264 777 1567 843 libenter
1611 777 1888 843 fabulas
1935 777 2249 844 variasse
2296 800 2503 844 nemo
2551 778 2857 864 ignoret,

508 882 722 949 etiam
791 883 927 950 hoc
994 885 1149 951 loco
1219 905 1379 950 eum
1453 885 1778 950 consulto
1826 884 2058 950 varios
2105 906 2436 951 numeros
2485 884 2862 951 tradidisse

506 1011 853 1056 censeam.

722 1097 948 1163 Multo
1014 1097 1406 1164 mirabilius
1468 1107 1601 1181 est,
1679 1098 1864 1184 quod
1932 1099 2008 1163 in
2067 1098 2299 1166 Fastis
2358 1112 2571 1187 poeta
2616 1102 2851 1167 Solem

501 1202 576 1267 in
668 1203 1358 1289 Metamorphosibus
1443 1205 1872 1271 Arethusam
1956 1206 2257 1292 raptoris
2348 1206 2616 1273 iudices
2708 1208 2864 1273 red-

504 1308 712 1391 didit3
766 1319 838 1375 et
886 1310 1233 1376 assentior
1279 1311 1789 1388 Krassowskio,
1850 1311 1967 1396 qui
2012 1312 2441 1379 Arethusam
2489 1316 2850 1387 Nasonem

503 1415 868 1482 induxisse
917 1427 1172 1500 censet,
1222 1426 1304 1482 ut
1349 1417 1437 1482 ad
1487 1417 1954 1484 mutationem
1987 1419 2407 1485 narrandam
2440 1420 2849 1485 facultatem

501 1522 636 1588 sibi
697 1533 995 1609 pararet.
1092 1523 1331 1593 Etiam
1397 1545 1511 1589 me
1557 1523 1734 1590 haec
1796 1524 2143 1591 adducere
2189 1548 2332 1591 non
2378 1535 2702 1612 possunt,
2772 1537 2860 1592 ut

503 1628 682 1694 duos
729 1630 959 1696 fontes
1005 1630 1191 1695 hanc
1240 1630 1328 1694 ad
1376 1629 1850 1697 narrationem
1902 1632 2463 1718 componendam
2512 1632 2850 1698 Ovidium

502 1757 659 1801 esse
707 1747 1029 1803 secutum
1079 1758 1425 1807 censeam.
1518 1737 1658 1803 Sed
1708 1738 1796 1803 ad
1844 1738 2021 1804 haec
2067 1749 2315 1825 postea
2360 1738 2660 1805 redeam.

722 1845 936 1909 Nunc
996 1842 1413 1909 accedamus
1477 1844 1567 1908 ad
1634 1866 1744 1927 ea,
1809 1866 1987 1929 quae
2034 1867 2108 1911 re
2156 1868 2322 1912 vera
2370 1846 2859 1911 demonstrare

505 1948 683 2015 mihi
717 1948 1049 2015 videntur
1079 1961 1364 2035 poetam
1399 1971 1622 2016 unum
1657 1951 2099 2037 eundemque
2131 1953 2400 2018 fontem
2427 1952 2513 2017 ad
2540 1953 2851 2018 fabulam

515 2057 603 2122 de
634 2066 844 2143 raptu
880 2066 952 2122 et
980 2057 1211 2123 reditu
1244 2057 1471 2143 ipsam
1505 2057 1996 2143 explicandam
2031 2058 2455 2125 adhibuisse.
2540 2059 2854 2124 Primum

499 2163 574 2229 in
624 2163 1037 2229 memoriam
1083 2164 1480 2231 revocanda
1527 2174 1713 2247 sunt,
1762 2170 1939 2249 quae
1983 2166 2273 2251 collegit
2305 2165 2857 2251 Lueneburgius

500 2271 570 2351 (l.
645 2291 699 2339 c.
767 2291 833 2355 p.
894 2266 1008 2352 77)
1080 2271 1328 2354 verba,
1400 2271 1657 2357 quibus
1706 2284 1877 2337 usu‘s
1927 2281 2035 2337 est
2081 2272 2383 2338 Ovidius
2429 2273 2501 2338 in
2552 2283 2858 2359 utraque

501 2376 904 2444 narratione
975 2377 1104 2461 ita,
1174 2387 1254 2445 ut
1323 2381 1608 2465 poetam
1679 2379 1974 2458 alteram
2045 2379 2356 2447 fabulam
2428 2380 2850 2447 referentem

500 2484 790 2550 alteram
851 2485 1240 2571 respexisse
1288 2495 1658 2572 appareat:

442 2633 445 2638 »
505 2593 671 2656 Met.
720 2593 786 2658 V
832 2587 1211 2657 394—395:

824 2700 1154 2784 Dumque
1200 2700 1497 2785 puellari
1545 2700 1781 2767 studio
1816 2702 2374 2788 calathosque
2408 2701 2859 2787 sinumque

822 2806 1152 2891 Implet,
1221 2855 2802 2876 .........................

503 2909 687 2978 Fast.
737 2913 842 2978 IV
888 2908 1268 2978 435—436:

822 3020 1022 3084 Haec
1067 3019 1362 3105 implet
1407 3011 1604 3088 lento
1652 3021 2030 3088 calathos
2079 3044 2116 3087 e
2163 3021 2430 3087 vimine
2479 3043 2698 3087 nexos

918 3128 1119 3192 Haec
1167 3125 1537 3212 gremium,
1586 3128 1787 3194 laxos
1835 3128 2183 3213 degravat
2227 3128 2350 3195 illa
2396 3128 2647 3194 sinuS.

502 3286 668 3351 Met.
719 3288 784 3353 V
831 3283 991 3353 526:

820 3393 1086 3460 Verum
1134 3415 1359 3461 amor
1406 3405 1527 3461 est.
1623 3399 1912 3483 Neque
1946 3395 2109 3461 erit
2140 3395 2379 3462 nobis
2415 3417 2673 3481 gener
2704 3395 2857 3461 ille

2030 3502 2424 3588 pudendi

501 3605 687 3671 Fast.
738 3606 840 3672 IV
887 3603 1270 3673 597—598:

822 3713 1142 3799 Iuppiter
1187 3714 1373 3781 hanc
1417 3714 1613 3798 lenit,
1661 3715 2069 3802 factumque
2118 3725 2411 3781 excusat
2457 3736 2755 3781 amore.

909 3820 1079 3885 Nec
1127 3842 1386 3905 gener
1433 3830 1559 3886 est
1604 3821 1843 3887 nobis
1888 3821 2038 3887 ille
2083 3821 2552 3908 pudendus,
2602 3821 2734 3888 ait.

502 3979 670 4046 Met.
720 3981 786 4046 V
832 3975 1210 4046 53--45362

823 4088 987 4153 Non
1037 4086 1138 4153 ita
1185 4088 1332 4155 fata
1381 4087 1643 4171 sinunt,
1693 4089 2025 4175 quoniam
2072 4089 2393 4156 ieiunia
2441 4088 2685 4177 virgo

817 4193 1215 4260 Solverat
1261 4205 1333 4261 et
1379 4195 1591 4261 cultis
1639 4196 1808 4262 dum
1857 4195 2161 4284 simplex
2209 4207 2395 4280 errat
2440 4198 2522 4270 in*
2562 4196 2794 4263 hortis

824 4301 1276 4368 Puniceum
1328 4324 1545 4368 curva
1593 4302 2035 4389 decerpserat
2083 4304 2328 4370 arbore
2374 4326 2727 4392 pomum.
