<?xml version="1.0" encoding="UTF-8"?>
<!DOCTYPE html PUBLIC "-//W3C//DTD XHTML 1.0 Transitional//EN"
    "http://www.w3.org/TR/xhtml1/DTD/xhtml1-transitional.dtd">
<html xmlns="http://www.w3.org/1999/xhtml" xml:lang="en" lang="en">
 <head>
  <title>
</title>
<meta http-equiv="Content-Type" content="text/html;charset=utf-8" />
  <meta name='ocr-system' content='tesseract 3.04.00' />
  <meta name='ocr-capabilities' content='ocr_page ocr_carea ocr_par ocr_line ocrx_word'/>
</head>
<body>
  <div class='ocr_page' id='page_1' title='image "./quaestionumovid00presgoog_0036.png"; bbox 0 0 3123 4871; ppageno 0'>
   <div class='ocr_carea' id='block_1_1' title="bbox 429 483 2802 2069">
    <p class='ocr_par' dir='ltr' id='par_1_1' title="bbox 429 483 2802 2069">
     <span class='ocr_line' id='line_1_1' title="bbox 429 483 2792 574; baseline -0.002 -20"><span class='ocrx_word' id='word_1_1' title='bbox 429 489 697 555; x_wconf 85' lang='lat' dir='ltr'>Aratus</span> <span class='ocrx_word' id='word_1_2' title='bbox 732 486 1033 559; x_wconf 89' lang='lat' dir='ltr'>Latinus</span> <span class='ocrx_word' id='word_1_3' title='bbox 1082 486 1383 573; x_wconf 87' lang='lat' dir='ltr'>(Comm.</span> <span class='ocrx_word' id='word_1_4' title='bbox 1430 486 1503 552; x_wconf 92' lang='lat' dir='ltr'>in</span> <span class='ocrx_word' id='word_1_5' title='bbox 1554 489 1673 554; x_wconf 87' lang='lat' dir='ltr'>Ar.</span> <span class='ocrx_word' id='word_1_6' title='bbox 1721 509 1787 573; x_wconf 90' lang='lat' dir='ltr'>p.</span> <span class='ocrx_word' id='word_1_7' title='bbox 1824 483 1985 574; x_wconf 85' lang='lat'>181)</span> <span class='ocrx_word' id='word_1_8' title='bbox 2032 487 2345 553; x_wconf 82' lang='lat' dir='ltr'>fabulam</span> <span class='ocrx_word' id='word_1_9' title='bbox 2396 485 2792 552; x_wconf 87' lang='lat' dir='ltr'>secundum</span> 
     </span>
     <span class='ocr_line' id='line_1_2' title="bbox 432 592 2793 678; baseline -0.002 -16"><span class='ocrx_word' id='word_1_10' title='bbox 432 593 833 663; x_wconf 84' lang='lat' dir='ltr'>Hesiodum</span> <span class='ocrx_word' id='word_1_11' title='bbox 892 593 1028 659; x_wconf 91' lang='lat' dir='ltr'>hoc</span> <span class='ocrx_word' id='word_1_12' title='bbox 1073 593 1284 659; x_wconf 92' lang='lat' dir='ltr'>modo</span> <span class='ocrx_word' id='word_1_13' title='bbox 1334 593 1692 678; x_wconf 84' lang='lat' dir='ltr'>exposuit:</span> <span class='ocrx_word' id='word_1_14' title='bbox 1773 594 2095 676; x_wconf 87' lang='lat' dir='ltr'>Callisto,</span> <span class='ocrx_word' id='word_1_15' title='bbox 2121 592 2496 678; x_wconf 73' lang='lat' dir='ltr'>‚Lycaonis</span> <span class='ocrx_word' id='word_1_16' title='bbox 2543 592 2793 674; x_wconf 76' lang='lat' dir='ltr'>filiam,</span> 
     </span>
     <span class='ocr_line' id='line_1_3' title="bbox 430 690 2797 787; baseline -0.001 -22"><span class='ocrx_word' id='word_1_17' title='bbox 430 690 709 767; x_wconf 87' lang='lat' dir='ltr'>Dianae</span> <span class='ocrx_word' id='word_1_18' title='bbox 766 700 1061 784; x_wconf 84' lang='lat' dir='ltr'>sociam,</span> <span class='ocrx_word' id='word_1_19' title='bbox 1133 700 1455 786; x_wconf 86' lang='lat' dir='ltr'>Iuppiter</span> <span class='ocrx_word' id='word_1_20' title='bbox 1512 701 1947 787; x_wconf 81' lang='lat' dir='ltr'><strong>compressit.</strong></span> <span class='ocrx_word' id='word_1_21' title='bbox 2042 701 2249 784; x_wconf 75' lang='lat' dir='ltr'>Quod</span> <span class='ocrx_word' id='word_1_22' title='bbox 2309 722 2470 766; x_wconf 94' lang='lat' dir='ltr'>cum</span> <span class='ocrx_word' id='word_1_23' title='bbox 2532 720 2797 784; x_wconf 88' lang='lat' dir='ltr'>cogno-</span> 
     </span>
     <span class='ocr_line' id='line_1_4' title="bbox 432 806 2796 891; baseline -0.001 -18"><span class='ocrx_word' id='word_1_24' title='bbox 432 806 656 873; x_wconf 86' lang='lat' dir='ltr'>visset</span> <span class='ocrx_word' id='word_1_25' title='bbox 725 806 982 890; x_wconf 90' lang='lat' dir='ltr'>Diana,</span> <span class='ocrx_word' id='word_1_26' title='bbox 1067 807 1248 875; x_wconf 88' lang='lat' dir='ltr'>irata</span> <span class='ocrx_word' id='word_1_27' title='bbox 1319 806 1608 875; x_wconf 84' lang='lat' dir='ltr'>Callisto</span> <span class='ocrx_word' id='word_1_28' title='bbox 1686 806 1760 871; x_wconf 92' lang='lat' dir='ltr'>in</span> <span class='ocrx_word' id='word_1_29' title='bbox 1851 828 2091 873; x_wconf 91' lang='lat' dir='ltr'>ursam</span> <span class='ocrx_word' id='word_1_30' title='bbox 2170 806 2504 888; x_wconf 90' lang='lat' dir='ltr'>mutavit,</span> <span class='ocrx_word' id='word_1_31' title='bbox 2605 826 2796 891; x_wconf 92' lang='lat' dir='ltr'>quae</span> 
     </span>
     <span class='ocr_line' id='line_1_5' title="bbox 431 913 2797 1001; baseline -0 -24"><span class='ocrx_word' id='word_1_32' title='bbox 431 913 707 981; x_wconf 89' lang='lat' dir='ltr'>Arcada</span> <span class='ocrx_word' id='word_1_33' title='bbox 776 914 1069 1001; x_wconf 85' lang='lat' dir='ltr'>peperit.</span> <span class='ocrx_word' id='word_1_34' title='bbox 1182 913 1324 981; x_wconf 89' lang='lat' dir='ltr'>Sed</span> <span class='ocrx_word' id='word_1_35' title='bbox 1391 934 1553 979; x_wconf 92' lang='lat' dir='ltr'>cum</span> <span class='ocrx_word' id='word_1_36' title='bbox 1621 935 1786 980; x_wconf 92' lang='lat' dir='ltr'>ursa</span> <span class='ocrx_word' id='word_1_37' title='bbox 1845 914 1919 979; x_wconf 90' lang='lat' dir='ltr'>in</span> <span class='ocrx_word' id='word_1_38' title='bbox 1995 913 2196 980; x_wconf 88' lang='lat' dir='ltr'>silvis</span> <span class='ocrx_word' id='word_1_39' title='bbox 2266 922 2675 998; x_wconf 85' lang='lat' dir='ltr'>vagaretur,</span> <span class='ocrx_word' id='word_1_40' title='bbox 2750 934 2797 976; x_wconf 90' lang='lat' dir='ltr'>a</span> 
     </span>
     <span class='ocr_line' id='line_1_6' title="bbox 429 1012 2798 1110; baseline -0.001 -25"><span class='ocrx_word' id='word_1_41' title='bbox 429 1012 859 1107; x_wconf 88' lang='lat' dir='ltr'>quibusdam</span> <span class='ocrx_word' id='word_1_42' title='bbox 906 1021 1307 1110; x_wconf 87' lang='lat' dir='ltr'>pastoribus</span> <span class='ocrx_word' id='word_1_43' title='bbox 1356 1030 1565 1106; x_wconf 90' lang='lat' dir='ltr'>capta</span> <span class='ocrx_word' id='word_1_44' title='bbox 1614 1019 1702 1086; x_wconf 96' lang='lat' dir='ltr'>ad</span> <span class='ocrx_word' id='word_1_45' title='bbox 1752 1023 2158 1104; x_wconf 87' lang='lat' dir='ltr'>Lycaonem</span> <span class='ocrx_word' id='word_1_46' title='bbox 2207 1020 2423 1085; x_wconf 91' lang='lat' dir='ltr'>ducta</span> <span class='ocrx_word' id='word_1_47' title='bbox 2474 1028 2600 1102; x_wconf 90' lang='lat' dir='ltr'>est,</span> <span class='ocrx_word' id='word_1_48' title='bbox 2663 1019 2798 1083; x_wconf 89' lang='lat' dir='ltr'>ubi</span> 
     </span>
     <span class='ocr_line' id='line_1_7' title="bbox 430 1125 2798 1217; baseline -0.003 -24"><span class='ocrx_word' id='word_1_49' title='bbox 430 1149 596 1193; x_wconf 86' lang='lat' dir='ltr'>cum</span> <span class='ocrx_word' id='word_1_50' title='bbox 637 1127 786 1192; x_wconf 83' lang='lat' dir='ltr'>filio</span> <span class='ocrx_word' id='word_1_51' title='bbox 831 1127 904 1193; x_wconf 92' lang='lat' dir='ltr'>in</span> <span class='ocrx_word' id='word_1_52' title='bbox 948 1129 1291 1217; x_wconf 88' lang='lat' dir='ltr'>templum</span> <span class='ocrx_word' id='word_1_53' title='bbox 1333 1150 1409 1194; x_wconf 93' lang='lat' dir='ltr'>se</span> <span class='ocrx_word' id='word_1_54' title='bbox 1451 1127 1771 1209; x_wconf 90' lang='lat' dir='ltr'>contulit,</span> <span class='ocrx_word' id='word_1_55' title='bbox 1830 1127 2016 1213; x_wconf 91' lang='lat' dir='ltr'>quod</span> <span class='ocrx_word' id='word_1_56' title='bbox 2067 1128 2264 1193; x_wconf 81' lang='lat' dir='ltr'>nefas</span> <span class='ocrx_word' id='word_1_57' title='bbox 2313 1141 2464 1192; x_wconf 91' lang='lat' dir='ltr'>erat</span> <span class='ocrx_word' id='word_1_58' title='bbox 2507 1125 2798 1191; x_wconf 90' lang='lat' dir='ltr'>intrare.</span> 
     </span>
     <span class='ocr_line' id='line_1_8' title="bbox 434 1232 2797 1325; baseline -0.001 -25"><span class='ocrx_word' id='word_1_59' title='bbox 434 1238 688 1320; x_wconf 91' lang='lat' dir='ltr'>Itaque</span> <span class='ocrx_word' id='word_1_60' title='bbox 736 1257 896 1301; x_wconf 90' lang='lat' dir='ltr'>cum</span> <span class='ocrx_word' id='word_1_61' title='bbox 947 1245 1329 1325; x_wconf 87' lang='lat' dir='ltr'>utrumque</span> <span class='ocrx_word' id='word_1_62' title='bbox 1362 1234 1670 1300; x_wconf 88' lang='lat' dir='ltr'>Arcades</span> <span class='ocrx_word' id='word_1_63' title='bbox 1717 1235 1987 1300; x_wconf 90' lang='lat' dir='ltr'>vellent</span> <span class='ocrx_word' id='word_1_64' title='bbox 2018 1232 2432 1314; x_wconf 74' lang='lat' dir='ltr'>interficere,</span> <span class='ocrx_word' id='word_1_65' title='bbox 2467 1232 2797 1318; x_wconf 91' lang='lat' dir='ltr'>Iuppiter</span> 
     </span>
     <span class='ocr_line' id='line_1_9' title="bbox 431 1340 2798 1425; baseline -0.001 -19"><span class='ocrx_word' id='word_1_66' title='bbox 431 1341 507 1406; x_wconf 91' lang='lat' dir='ltr'>in</span> <span class='ocrx_word' id='word_1_67' title='bbox 576 1341 807 1406; x_wconf 89' lang='lat' dir='ltr'>sidera</span> <span class='ocrx_word' id='word_1_68' title='bbox 874 1341 1202 1407; x_wconf 90' lang='lat' dir='ltr'>mutavit.</span> <span class='ocrx_word' id='word_1_69' title='bbox 1294 1340 1425 1406; x_wconf 89' lang='lat' dir='ltr'>Cui</span> <span class='ocrx_word' id='word_1_70' title='bbox 1480 1341 1780 1407; x_wconf 87' lang='lat' dir='ltr'>Hesiodi</span> <span class='ocrx_word' id='word_1_71' title='bbox 1845 1341 2128 1407; x_wconf 81' lang='lat' dir='ltr'>fabulae</span> <span class='ocrx_word' id='word_1_72' title='bbox 2195 1361 2440 1419; x_wconf 86' lang='lat' dir='ltr'>omnes</span> <span class='ocrx_word' id='word_1_73' title='bbox 2508 1348 2798 1425; x_wconf 90' lang='lat' dir='ltr'>praeter</span> 
     </span>
     <span class='ocr_line' id='line_1_10' title="bbox 435 1446 2798 1535; baseline -0.002 -21"><span class='ocrx_word' id='word_1_74' title='bbox 435 1448 975 1535; x_wconf 88' lang='lat' dir='ltr'>epitomatorem</span> <span class='ocrx_word' id='word_1_75' title='bbox 1036 1459 1108 1514; x_wconf 91' lang='lat' dir='ltr'>et</span> <span class='ocrx_word' id='word_1_76' title='bbox 1165 1447 1621 1513; x_wconf 88' lang='lat' dir='ltr'>scholiastam</span> <span class='ocrx_word' id='word_1_77' title='bbox 1678 1449 2017 1512; x_wconf 90' lang='lat' dir='ltr'>Arateum</span> <span class='ocrx_word' id='word_1_78' title='bbox 2077 1447 2375 1529; x_wconf 91' lang='lat' dir='ltr'>addunt,</span> <span class='ocrx_word' id='word_1_79' title='bbox 2434 1446 2798 1532; x_wconf 89' lang='lat' dir='ltr'>quomodo</span> 
     </span>
     <span class='ocr_line' id='line_1_11' title="bbox 434 1547 2802 1645; baseline -0.002 -24"><span class='ocrx_word' id='word_1_80' title='bbox 434 1547 847 1621; x_wconf 88' lang='lat' dir='ltr'>tractaverit</span> <span class='ocrx_word' id='word_1_81' title='bbox 901 1577 1059 1645; x_wconf 12' lang='lat' dir='ltr'>rem,</span> <span class='ocrx_word' id='word_1_82' title='bbox 1099 1553 1398 1639; x_wconf 88' lang='lat' dir='ltr'>Amphis</span> <span class='ocrx_word' id='word_1_83' title='bbox 1458 1554 1768 1619; x_wconf 89' lang='lat' dir='ltr'>comicus</span> <span class='ocrx_word' id='word_1_84' title='bbox 1823 1554 1955 1637; x_wconf 91' lang='lat' dir='ltr'>ita,</span> <span class='ocrx_word' id='word_1_85' title='bbox 2003 1563 2085 1618; x_wconf 91' lang='lat' dir='ltr'>ut</span> <span class='ocrx_word' id='word_1_86' title='bbox 2132 1553 2347 1619; x_wconf 91' lang='lat' dir='ltr'>etiam</span> <span class='ocrx_word' id='word_1_87' title='bbox 2396 1551 2573 1618; x_wconf 90' lang='lat' dir='ltr'>haec</span> <span class='ocrx_word' id='word_1_88' title='bbox 2620 1550 2802 1620; x_wconf 87' lang='lat' dir='ltr'>Era-</span> 
     </span>
     <span class='ocr_line' id='line_1_12' title="bbox 435 1650 2800 1752; baseline -0.002 -24"><span class='ocrx_word' id='word_1_89' title='bbox 435 1650 838 1728; x_wconf 82' lang='lat' dir='ltr'>tosthenem</span> <span class='ocrx_word' id='word_1_90' title='bbox 897 1682 1485 1752; x_wconf 83' lang='lat' dir='ltr'>commmoerasse</span> <span class='ocrx_word' id='word_1_91' title='bbox 1541 1670 1731 1726; x_wconf 91' lang='lat' dir='ltr'>recte</span> <span class='ocrx_word' id='word_1_92' title='bbox 1788 1660 2170 1726; x_wconf 90' lang='lat' dir='ltr'>coniecisse</span> <span class='ocrx_word' id='word_1_93' title='bbox 2227 1658 2403 1723; x_wconf 89' lang='lat' dir='ltr'>mihi</span> <span class='ocrx_word' id='word_1_94' title='bbox 2461 1658 2800 1725; x_wconf 89' lang='lat' dir='ltr'>videatur</span> 
     </span>
     <span class='ocr_line' id='line_1_13' title="bbox 438 1764 2798 1853; baseline -0.002 -17"><span class='ocrx_word' id='word_1_95' title='bbox 438 1770 826 1836; x_wconf 88' lang='lat' dir='ltr'>Robertus:</span> <span class='ocrx_word' id='word_1_96' title='bbox 872 1768 1279 1836; x_wconf 87' lang='lat' dir='ltr'>Secundum</span> <span class='ocrx_word' id='word_1_97' title='bbox 1302 1767 1735 1853; x_wconf 91' lang='lat' dir='ltr'>Amphidem</span> <span class='ocrx_word' id='word_1_98' title='bbox 1784 1766 2131 1833; x_wconf 89' lang='lat' dir='ltr'>comicum</span> <span class='ocrx_word' id='word_1_99' title='bbox 2163 1765 2486 1853; x_wconf 90' lang='lat' dir='ltr'>Iuppiter</span> <span class='ocrx_word' id='word_1_100' title='bbox 2512 1764 2798 1831; x_wconf 92' lang='lat' dir='ltr'>Dianae</span> 
     </span>
     <span class='ocr_line' id='line_1_14' title="bbox 431 1871 2798 1969; baseline -0.002 -27"><span class='ocrx_word' id='word_1_101' title='bbox 431 1876 751 1969; x_wconf 84' lang='lat' dir='ltr'>effigiem</span> <span class='ocrx_word' id='word_1_102' title='bbox 801 1875 1144 1943; x_wconf 87' lang='lat' dir='ltr'>simulans</span> <span class='ocrx_word' id='word_1_103' title='bbox 1197 1874 1489 1940; x_wconf 86' lang='lat' dir='ltr'>Callisto</span> <span class='ocrx_word' id='word_1_104' title='bbox 1539 1873 1971 1961; x_wconf 89' lang='lat' dir='ltr'>compressit,</span> <span class='ocrx_word' id='word_1_105' title='bbox 2020 1895 2202 1959; x_wconf 90' lang='lat' dir='ltr'>quae</span> <span class='ocrx_word' id='word_1_106' title='bbox 2249 1895 2291 1938; x_wconf 94' lang='lat' dir='ltr'>a</span> <span class='ocrx_word' id='word_1_107' title='bbox 2338 1871 2469 1938; x_wconf 90' lang='lat' dir='ltr'>dea</span> <span class='ocrx_word' id='word_1_108' title='bbox 2516 1880 2798 1957; x_wconf 85' lang='lat' dir='ltr'>rogata,</span> 
     </span>
     <span class='ocr_line' id='line_1_15' title="bbox 438 1979 2342 2069; baseline -0.004 -18"><span class='ocrx_word' id='word_1_109' title='bbox 438 1983 781 2069; x_wconf 85' lang='lat' dir='ltr'>quidnam</span> <span class='ocrx_word' id='word_1_110' title='bbox 830 1981 1217 2063; x_wconf 88' lang='lat' dir='ltr'>accidisset,</span> <span class='ocrx_word' id='word_1_111' title='bbox 1264 1980 1400 2066; x_wconf 88' lang='lat' dir='ltr'>ipsi</span> <span class='ocrx_word' id='word_1_112' title='bbox 1450 1981 1626 2047; x_wconf 89' lang='lat' dir='ltr'>deae</span> <span class='ocrx_word' id='word_1_113' title='bbox 1674 1980 1956 2066; x_wconf 88' lang='lat' dir='ltr'>culpam</span> <span class='ocrx_word' id='word_1_114' title='bbox 2001 1979 2342 2046; x_wconf 87' lang='lat' dir='ltr'>attribuit.</span> 
     </span>
    </p>
   </div>
   <div class='ocr_carea' id='block_1_2' title="bbox 434 2120 2799 2334">
    <p class='ocr_par' dir='ltr' id='par_1_2' title="bbox 434 2120 2799 2334">
     <span class='ocr_line' id='line_1_16' title="bbox 652 2120 2799 2227; baseline -0.002 -19"><span class='ocrx_word' id='word_1_115' title='bbox 652 2146 851 2208; x_wconf 93' lang='lat' dir='ltr'>Duas</span> <span class='ocrx_word' id='word_1_116' title='bbox 875 2141 1102 2227; x_wconf 91' lang='lat' dir='ltr'>igitur</span> <span class='ocrx_word' id='word_1_117' title='bbox 1125 2139 1440 2206; x_wconf 91' lang='lat' dir='ltr'>eiusdem</span> <span class='ocrx_word' id='word_1_118' title='bbox 1462 2141 1743 2205; x_wconf 82' lang='lat' dir='ltr'>fabulae</span> <span class='ocrx_word' id='word_1_119' title='bbox 1764 2120 2025 2204; x_wconf 71' lang='lat' dir='ltr'>formas</span> <span class='ocrx_word' id='word_1_120' title='bbox 2051 2138 2369 2204; x_wconf 85' lang='lat' dir='ltr'>narravit</span> <span class='ocrx_word' id='word_1_121' title='bbox 2384 2137 2799 2207; x_wconf 87' lang='lat' dir='ltr'>Eratosthe-</span> 
     </span>
     <span class='ocr_line' id='line_1_17' title="bbox 434 2240 2672 2334; baseline -0.001 -18"><span class='ocrx_word' id='word_1_122' title='bbox 434 2273 582 2333; x_wconf 90' lang='lat' dir='ltr'>nes,</span> <span class='ocrx_word' id='word_1_123' title='bbox 615 2260 992 2334; x_wconf 90' lang='lat' dir='ltr'>utramque</span> <span class='ocrx_word' id='word_1_124' title='bbox 1023 2247 1331 2332; x_wconf 87' lang='lat' dir='ltr'>legimus</span> <span class='ocrx_word' id='word_1_125' title='bbox 1367 2247 1555 2332; x_wconf 91' lang='lat' dir='ltr'>apud</span> <span class='ocrx_word' id='word_1_126' title='bbox 1593 2246 1931 2312; x_wconf 90' lang='lat' dir='ltr'>Ovidium</span> <span class='ocrx_word' id='word_1_127' title='bbox 1970 2244 2187 2326; x_wconf 88' lang='lat' dir='ltr'>(Fast.</span> <span class='ocrx_word' id='word_1_128' title='bbox 2214 2247 2286 2309; x_wconf 91' lang='lat'>11</span> <span class='ocrx_word' id='word_1_129' title='bbox 2315 2240 2446 2309; x_wconf 87' lang='lat'>153</span> <span class='ocrx_word' id='word_1_130' title='bbox 2473 2244 2672 2331; x_wconf 89' lang='lat' dir='ltr'>sqq.).</span> 
     </span>
    </p>
   </div>
   <div class='ocr_carea' id='block_1_3' title="bbox 434 2404 2805 3635">
    <p class='ocr_par' dir='ltr' id='par_1_3' title="bbox 434 2404 2805 3562">
     <span class='ocr_line' id='line_1_18' title="bbox 654 2404 2795 2493; baseline -0.002 -17"><span class='ocrx_word' id='word_1_131' title='bbox 654 2408 869 2476; x_wconf 88' lang='lat' dir='ltr'>Sidus</span> <span class='ocrx_word' id='word_1_132' title='bbox 940 2429 1148 2474; x_wconf 87' lang='lat' dir='ltr'>ursae</span> <span class='ocrx_word' id='word_1_133' title='bbox 1217 2406 1502 2473; x_wconf 89' lang='lat' dir='ltr'>maioris</span> <span class='ocrx_word' id='word_1_134' title='bbox 1574 2406 1695 2493; x_wconf 90' lang='lat' dir='ltr'>qui</span> <span class='ocrx_word' id='word_1_135' title='bbox 1767 2406 1902 2472; x_wconf 90' lang='lat' dir='ltr'>hoc</span> <span class='ocrx_word' id='word_1_136' title='bbox 1966 2404 2252 2471; x_wconf 90' lang='lat' dir='ltr'>nomine</span> <span class='ocrx_word' id='word_1_137' title='bbox 2315 2405 2795 2492; x_wconf 86' lang='lat' dir='ltr'>appellabant,</span> 
     </span>
     <span class='ocr_line' id='line_1_19' title="bbox 434 2503 2800 2604; baseline -0.003 -19"><span class='ocrx_word' id='word_1_138' title='bbox 434 2503 852 2604; x_wconf 86' lang='lat' dir='ltr'>sequentem</span> <span class='ocrx_word' id='word_1_139' title='bbox 954 2516 1231 2581; x_wconf 90' lang='lat' dir='ltr'>stellam</span> <span class='ocrx_word' id='word_1_140' title='bbox 1331 2514 1687 2581; x_wconf 90' lang='lat' dir='ltr'>vocabant</span> <span class='ocrx_word' id='word_1_141' title='bbox 1779 2512 2505 2598; x_wconf 68' lang='lat' dir='ltr'>Arctophylace&#39;m,</span> <span class='ocrx_word' id='word_1_142' title='bbox 2603 2514 2800 2597; x_wconf 91' lang='lat' dir='ltr'>quod</span> 
     </span>
     <span class='ocr_line' id='line_1_20' title="bbox 439 2618 2800 2705; baseline -0.003 -14"><span class='ocrx_word' id='word_1_143' title='bbox 439 2627 737 2691; x_wconf 88' lang='lat' dir='ltr'>Arctum</span> <span class='ocrx_word' id='word_1_144' title='bbox 809 2622 1163 2689; x_wconf 88' lang='lat' dir='ltr'>custodire</span> <span class='ocrx_word' id='word_1_145' title='bbox 1230 2621 1608 2688; x_wconf 91' lang='lat' dir='ltr'>videretur.</span> <span class='ocrx_word' id='word_1_146' title='bbox 1702 2622 1799 2686; x_wconf 91' lang='lat' dir='ltr'>At</span> <span class='ocrx_word' id='word_1_147' title='bbox 1863 2620 1984 2685; x_wconf 90' lang='lat' dir='ltr'>alii</span> <span class='ocrx_word' id='word_1_148' title='bbox 2047 2618 2260 2699; x_wconf 75' lang='lat' dir='ltr'>sidUS,</span> <span class='ocrx_word' id='word_1_149' title='bbox 2332 2618 2518 2705; x_wconf 92' lang='lat' dir='ltr'>quod</span> <span class='ocrx_word' id='word_1_150' title='bbox 2577 2619 2800 2684; x_wconf 90' lang='lat' dir='ltr'>etiam</span> 
     </span>
     <span class='ocr_line' id='line_1_21' title="bbox 440 2727 2799 2818; baseline -0.002 -22"><span class='ocrx_word' id='word_1_151' title='bbox 440 2753 570 2797; x_wconf 93' lang='lat' dir='ltr'>nos</span> <span class='ocrx_word' id='word_1_152' title='bbox 603 2729 1058 2795; x_wconf 90' lang='lat' dir='ltr'>nominamus</span> <span class='ocrx_word' id='word_1_153' title='bbox 1091 2741 1329 2794; x_wconf 89' lang='lat' dir='ltr'>ursam</span> <span class='ocrx_word' id='word_1_154' title='bbox 1363 2729 1723 2818; x_wconf 89' lang='lat' dir='ltr'>maiorem,</span> <span class='ocrx_word' id='word_1_155' title='bbox 1765 2749 1908 2792; x_wconf 93' lang='lat' dir='ltr'>non</span> <span class='ocrx_word' id='word_1_156' title='bbox 1944 2749 2207 2810; x_wconf 74' lang='lat' dir='ltr'>ursam,</span> <span class='ocrx_word' id='word_1_157' title='bbox 2234 2727 2355 2791; x_wconf 91' lang='lat' dir='ltr'>sed</span> <span class='ocrx_word' id='word_1_158' title='bbox 2390 2727 2799 2812; x_wconf 89' lang='lat' dir='ltr'>plaustrum</span> 
     </span>
     <span class='ocr_line' id='line_1_22' title="bbox 435 2834 2801 2929; baseline -0.003 -26"><span class='ocrx_word' id='word_1_159' title='bbox 435 2859 594 2903; x_wconf 90' lang='lat' dir='ltr'>esse</span> <span class='ocrx_word' id='word_1_160' title='bbox 652 2835 1191 2929; x_wconf 73' lang='lat' dir='ltr'>¹existimabant3</span> <span class='ocrx_word' id='word_1_161' title='bbox 1262 2857 1403 2921; x_wconf 91' lang='lat' dir='ltr'>qua</span> <span class='ocrx_word' id='word_1_162' title='bbox 1474 2856 1549 2900; x_wconf 93' lang='lat' dir='ltr'>re</span> <span class='ocrx_word' id='word_1_163' title='bbox 1615 2843 2031 2920; x_wconf 90' lang='lat' dir='ltr'>sequentem</span> <span class='ocrx_word' id='word_1_164' title='bbox 2102 2834 2377 2899; x_wconf 87' lang='lat' dir='ltr'>stellam</span> <span class='ocrx_word' id='word_1_165' title='bbox 2446 2836 2801 2916; x_wconf 74' lang='lat' dir='ltr'>Booten,</span> 
     </span>
     <span class='ocr_line' id='line_1_23' title="bbox 438 2939 2802 3030; baseline -0.002 -21"><span class='ocrx_word' id='word_1_166' title='bbox 438 2943 856 3024; x_wconf 88' lang='lat' dir='ltr'>bubulcum,</span> <span class='ocrx_word' id='word_1_167' title='bbox 953 2943 1326 3012; x_wconf 83' lang='lat' dir='ltr'>vocabant&#39;.</span> <span class='ocrx_word' id='word_1_168' title='bbox 1408 3023 1415 3030; x_wconf 69' lang='lat'><em>„</em></span> <span class='ocrx_word' id='word_1_169' title='bbox 1468 2942 1785 3007; x_wconf 90' lang='lat' dir='ltr'>Alteram</span> <span class='ocrx_word' id='word_1_170' title='bbox 1879 2940 2285 3026; x_wconf 90' lang='lat' dir='ltr'>opinionem</span> <span class='ocrx_word' id='word_1_171' title='bbox 2382 2939 2802 3025; x_wconf 82' lang='lat' dir='ltr'>exposuisse</span> 
     </span>
     <span class='ocr_line' id='line_1_24' title="bbox 439 3046 2803 3134; baseline -0.003 -15"><span class='ocrx_word' id='word_1_172' title='bbox 439 3049 990 3119; x_wconf 89' lang='lat' dir='ltr'>Eratosthenem</span> <span class='ocrx_word' id='word_1_173' title='bbox 1053 3049 1343 3115; x_wconf 88' lang='lat' dir='ltr'>tradunt</span> <span class='ocrx_word' id='word_1_174' title='bbox 1391 3048 1725 3134; x_wconf 87' lang='lat' dir='ltr'>Epitome</span> <span class='ocrx_word' id='word_1_175' title='bbox 1773 3069 1825 3113; x_wconf 89' lang='lat' dir='ltr'>e.</span> <span class='ocrx_word' id='word_1_176' title='bbox 1874 3050 2082 3129; x_wconf 91' lang='lat' dir='ltr'>VIII,</span> <span class='ocrx_word' id='word_1_177' title='bbox 2155 3046 2350 3111; x_wconf 85' lang='lat' dir='ltr'>Arati</span> <span class='ocrx_word' id='word_1_178' title='bbox 2398 3046 2803 3134; x_wconf 83' lang='lat' dir='ltr'>scholiasta,</span> 
     </span>
     <span class='ocr_line' id='line_1_25' title="bbox 440 3150 2805 3240; baseline -0.003 -18"><span class='ocrx_word' id='word_1_179' title='bbox 440 3154 853 3222; x_wconf 86' lang='lat' dir='ltr'>Germanici</span> <span class='ocrx_word' id='word_1_180' title='bbox 910 3154 1393 3240; x_wconf 85' lang='lat' dir='ltr'>explicatores,</span> <span class='ocrx_word' id='word_1_181' title='bbox 1447 3153 1786 3239; x_wconf 87' lang='lat' dir='ltr'>Hyginus</span> <span class='ocrx_word' id='word_1_182' title='bbox 1836 3157 1928 3239; x_wconf 89' lang='lat' dir='ltr'>(p.</span> <span class='ocrx_word' id='word_1_183' title='bbox 1974 3150 2060 3216; x_wconf 85' lang='lat'>74</span> <span class='ocrx_word' id='word_1_184' title='bbox 2101 3174 2199 3237; x_wconf 89' lang='lat' dir='ltr'>sq.</span> <span class='ocrx_word' id='word_1_185' title='bbox 2244 3151 2482 3236; x_wconf 89' lang='lat' dir='ltr'>Rob.),</span> <span class='ocrx_word' id='word_1_186' title='bbox 2530 3152 2679 3218; x_wconf 91' lang='lat' dir='ltr'>cod.</span> <span class='ocrx_word' id='word_1_187' title='bbox 2732 3150 2805 3216; x_wconf 89' lang='lat' dir='ltr'>T</span> 
     </span>
     <span class='ocr_line' id='line_1_26' title="bbox 436 3255 2802 3369; baseline -0.002 -41"><span class='ocrx_word' id='word_1_188' title='bbox 436 3263 553 3349; x_wconf 90' lang='lat' dir='ltr'>(R.</span> <span class='ocrx_word' id='word_1_189' title='bbox 580 3256 893 3350; x_wconf 75' lang='lat' dir='ltr'>pr.sp.2),</span> <span class='ocrx_word' id='word_1_190' title='bbox 943 3264 1201 3327; x_wconf 90' lang='lat' dir='ltr'>Aratus</span> <span class='ocrx_word' id='word_1_191' title='bbox 1229 3256 1531 3369; x_wconf 86' lang='lat' dir='ltr'>Latinus</span> <span class='ocrx_word' id='word_1_192' title='bbox 1581 3259 1973 3347; x_wconf 88' lang='lat' dir='ltr'>(Comm.in</span> <span class='ocrx_word' id='word_1_193' title='bbox 1998 3261 2115 3326; x_wconf 94' lang='lat' dir='ltr'>Ar.</span> <span class='ocrx_word' id='word_1_194' title='bbox 2142 3255 2406 3345; x_wconf 53' lang='lat'>9197).</span> <span class='ocrx_word' id='word_1_195' title='bbox 2479 3259 2802 3324; x_wconf 88' lang='lat' dir='ltr'>Alteram</span> 
     </span>
     <span class='ocr_line' id='line_1_27' title="bbox 437 3359 2803 3456; baseline -0.002 -22"><span class='ocrx_word' id='word_1_196' title='bbox 437 3389 725 3456; x_wconf 90' lang='lat' dir='ltr'>quoque</span> <span class='ocrx_word' id='word_1_197' title='bbox 813 3367 1335 3435; x_wconf 88' lang='lat' dir='ltr'>Catasterismis</span> <span class='ocrx_word' id='word_1_198' title='bbox 1436 3359 1588 3433; x_wconf 87' lang='lat' dir='ltr'>esse</span> <span class='ocrx_word' id='word_1_199' title='bbox 1668 3367 1962 3432; x_wconf 88' lang='lat' dir='ltr'>relatam</span> <span class='ocrx_word' id='word_1_200' title='bbox 2044 3364 2356 3431; x_wconf 90' lang='lat' dir='ltr'>ostendit</span> <span class='ocrx_word' id='word_1_201' title='bbox 2440 3364 2803 3430; x_wconf 88' lang='lat' dir='ltr'>Robertus</span> 
     </span>
     <span class='ocr_line' id='line_1_28' title="bbox 438 3460 2805 3635; baseline -0.002 -94"><span class='ocrx_word' id='word_1_202' title='bbox 438 3476 514 3562; x_wconf 90' lang='lat' dir='ltr'>(l.</span> <span class='ocrx_word' id='word_1_203' title='bbox 563 3497 642 3540; x_wconf 93' lang='lat' dir='ltr'>c.</span> <span class='ocrx_word' id='word_1_204' title='bbox 668 3495 734 3558; x_wconf 93' lang='lat' dir='ltr'>p.</span> <span class='ocrx_word' id='word_1_205' title='bbox 768 3471 891 3559; x_wconf 95' lang='grc'>4.)</span> <span class='ocrx_word' id='word_1_206' title='bbox 962 3460 1384 3635; x_wconf 83' lang='lat' dir='ltr'>Utramque</span> <span class='ocrx_word' id='word_1_207' title='bbox 1441 3472 1870 3538; x_wconf 89' lang='lat' dir='ltr'>sententiam</span> <span class='ocrx_word' id='word_1_208' title='bbox 1929 3465 2435 3537; x_wconf 89' lang='lat' dir='ltr'>commemorat</span> <span class='ocrx_word' id='word_1_209' title='bbox 2492 3471 2805 3537; x_wconf 91' lang='lat' dir='ltr'>Ovidius</span> 
     </span>
    </p>
   </div>
   <div class='ocr_carea' id='block_1_4' title="bbox 435 3577 2725 3825">
    <p class='ocr_par' dir='ltr' id='par_1_4' title="bbox 435 3577 2704 3825">
     <span class='ocr_line' id='line_1_29' title="bbox 435 3577 1117 3671; baseline -0.003 -23"><span class='ocrx_word' id='word_1_210' title='bbox 435 3582 665 3671; x_wconf 82' lang='lat' dir='ltr'>(Fast.</span> <span class='ocrx_word' id='word_1_211' title='bbox 715 3582 826 3644; x_wconf 90' lang='lat'>111</span> <span class='ocrx_word' id='word_1_212' title='bbox 875 3577 1117 3668; x_wconf 83' lang='lat'>405):</span> 
     </span>
     <span class='ocr_line' id='line_1_30' title="bbox 734 3732 2725 3825; baseline -0.002 -19.954"><span class='ocrx_word' id='word_1_213' title='bbox 734 3732 934 3805; x_wconf 87' lang='lat' dir='ltr'>Sive</span> <span class='ocrx_word' id='word_1_214' title='bbox 983 3751 1092 3806; x_wconf 88' lang='lat' dir='ltr'>est</span> <span class='ocrx_word' id='word_1_215' title='bbox 1139 3739 1623 3825; x_wconf 85' lang='lat' dir='ltr'>Arctophylax</span> <span class='ocrx_word' id='word_1_216' title='bbox 1673 3738 1824 3803; x_wconf 93' lang='lat' dir='ltr'>sive</span> <span class='ocrx_word' id='word_1_217' title='bbox 1873 3748 1981 3803; x_wconf 91' lang='lat' dir='ltr'>est</span> <span class='ocrx_word' id='word_1_218' title='bbox 2026 3737 2232 3824; x_wconf 90' lang='lat' dir='ltr'>piger</span> <span class='ocrx_word' id='word_1_219' title='bbox 2277 3736 2395 3801; x_wconf 92' lang='lat' dir='ltr'>ille</span> <span class='ocrx_word' id='word_1_220' title='bbox 2447 3739 2725 3803; x_wconf 79' lang='lat' dir='ltr'>Bootes,</span> 
     </span>
    </p>
   </div>
   <div class='ocr_carea' id='block_1_5' title="bbox 428 3897 2813 4305">
    <p class='ocr_par' dir='ltr' id='par_1_5' title="bbox 428 3897 2813 4305">
     <span class='ocr_line' id='line_1_31' title="bbox 660 3897 2810 3989; baseline 0 -25"><span class='ocrx_word' id='word_1_221' title='bbox 660 3902 778 3964; x_wconf 92' lang='lat' dir='ltr'>De</span> <span class='ocrx_word' id='word_1_222' title='bbox 853 3902 1040 3989; x_wconf 90' lang='lat' dir='ltr'>equi</span> <span class='ocrx_word' id='word_1_223' title='bbox 1118 3901 1192 3966; x_wconf 91' lang='lat' dir='ltr'>in</span> <span class='ocrx_word' id='word_1_224' title='bbox 1265 3899 1460 3965; x_wconf 92' lang='lat' dir='ltr'>sidus</span> <span class='ocrx_word' id='word_1_225' title='bbox 1532 3897 1926 3964; x_wconf 87' lang='lat' dir='ltr'>mutatione</span> <span class='ocrx_word' id='word_1_226' title='bbox 1997 3898 2171 3962; x_wconf 89' lang='lat' dir='ltr'>alios</span> <span class='ocrx_word' id='word_1_227' title='bbox 2241 3918 2563 3961; x_wconf 87' lang='lat' dir='ltr'>narrasse</span> <span class='ocrx_word' id='word_1_228' title='bbox 2635 3918 2810 3964; x_wconf 91' lang='lat' dir='ltr'>eum</span> 
     </span>
     <span class='ocr_line' id='line_1_32' title="bbox 439 4001 2811 4111; baseline -0.001 -36"><span class='ocrx_word' id='word_1_229' title='bbox 439 4029 709 4111; x_wconf 82' lang='lat' dir='ltr'>equum</span> <span class='ocrx_word' id='word_1_230' title='bbox 759 4026 910 4070; x_wconf 91' lang='lat' dir='ltr'>esse</span> <span class='ocrx_word' id='word_1_231' title='bbox 956 4003 1559 4087; x_wconf 76' lang='lat' dir='ltr'>transformatum,</span> <span class='ocrx_word' id='word_1_232' title='bbox 1610 4003 1728 4090; x_wconf 89' lang='lat' dir='ltr'>qui</span> <span class='ocrx_word' id='word_1_233' title='bbox 1763 4003 1833 4070; x_wconf 89' lang='lat' dir='ltr'>in</span> <span class='ocrx_word' id='word_1_234' title='bbox 1871 4005 2217 4071; x_wconf 89' lang='lat' dir='ltr'>Helicone</span> <span class='ocrx_word' id='word_1_235' title='bbox 2249 4001 2490 4068; x_wconf 86' lang='lat' dir='ltr'>monte</span> <span class='ocrx_word' id='word_1_236' title='bbox 2525 4008 2811 4090; x_wconf 89' lang='lat' dir='ltr'>ungula</span> 
     </span>
     <span class='ocr_line' id='line_1_33' title="bbox 443 4109 2813 4194; baseline -0.002 -11"><span class='ocrx_word' id='word_1_237' title='bbox 443 4135 699 4183; x_wconf 89' lang='lat' dir='ltr'>saxum</span> <span class='ocrx_word' id='word_1_238' title='bbox 740 4109 1046 4179; x_wconf 76' lang='lat' dir='ltr'>feriens</span> <span class='ocrx_word' id='word_1_239' title='bbox 1097 4114 1365 4178; x_wconf 79' lang='lat' dir='ltr'>fontem</span> <span class='ocrx_word' id='word_1_240' title='bbox 1440 4109 1807 4193; x_wconf 78' lang='lat' dir='ltr'>effecisset,</span> <span class='ocrx_word' id='word_1_241' title='bbox 1879 4112 2055 4177; x_wconf 91' lang='lat' dir='ltr'>alios</span> <span class='ocrx_word' id='word_1_242' title='bbox 2115 4112 2464 4194; x_wconf 86' lang='lat' dir='ltr'>Pegasum</span> <span class='ocrx_word' id='word_1_243' title='bbox 2534 4109 2672 4176; x_wconf 90' lang='lat' dir='ltr'>hoc</span> <span class='ocrx_word' id='word_1_244' title='bbox 2732 4112 2813 4179; x_wconf 91' lang='lat' dir='ltr'>in</span> 
     </span>
     <span class='ocr_line' id='line_1_34' title="bbox 428 4214 2810 4305; baseline -0.002 -13"><span class='ocrx_word' id='word_1_245' title='bbox 428 4222 644 4292; x_wconf 77' lang='lat' dir='ltr'>sidus</span> <span class='ocrx_word' id='word_1_246' title='bbox 692 4239 847 4287; x_wconf 92' lang='lat' dir='ltr'>esse</span> <span class='ocrx_word' id='word_1_247' title='bbox 901 4228 1257 4287; x_wconf 89' lang='lat' dir='ltr'>mutatum</span> <span class='ocrx_word' id='word_1_248' title='bbox 1314 4226 1605 4305; x_wconf 91' lang='lat' dir='ltr'>putasse</span> <span class='ocrx_word' id='word_1_249' title='bbox 1662 4217 1954 4284; x_wconf 88' lang='lat' dir='ltr'>tradunt</span> <span class='ocrx_word' id='word_1_250' title='bbox 2008 4236 2254 4283; x_wconf 90' lang='lat' dir='ltr'>omnes</span> <span class='ocrx_word' id='word_1_251' title='bbox 2300 4214 2404 4280; x_wconf 89' lang='lat' dir='ltr'>illi</span> <span class='ocrx_word' id='word_1_252' title='bbox 2452 4227 2810 4305; x_wconf 79' lang='lat' dir='ltr'>auctoreS,</span> 
     </span>
    </p>
   </div>
   <div class='ocr_carea' id='block_1_6' title="bbox 3120 3832 3123 4530">
    <p class='ocr_par' dir='ltr' id='par_1_6' title="bbox 3120 3832 3123 4530">
     <span class='ocr_line' id='line_1_35' title="bbox 3120 3832 3123 4530; baseline 0 0"><span class='ocrx_word' id='word_1_253' title='bbox 3120 3832 3123 4530; x_wconf 95' lang='lat' dir='ltr'> </span> 
     </span>
    </p>
   </div>
  </div>
 </body>
</html>
