3123 4871
1209 289 1650 358 -57—

244 506 394 573 iam
451 515 618 573 ante
670 516 955 593 partum
1010 506 1339 574 comitem
1397 505 1770 593 gravidam
1818 515 2144 594 spectans
2190 504 2590 592 puniverat.

245 611 523 680 Idcirco
592 615 939 680 Iunonem
1018 612 1383 680 arcessivit
1462 611 1847 699 aliunde,⁵)
1926 622 2006 679 ut
2073 611 2245 678 mihi
2320 605 2603 697 quidem

246 719 559 802 videtur,
631 742 719 787 ex
787 720 1333 806 mythographo.
1436 722 1626 785 Nam
1697 719 1753 785 si
1824 728 2107 806 poetam
2166 727 2381 804 atque
2441 739 2603 784 enm

246 825 767 893 Callimachum
837 826 1292 912 inspexisset,
1363 826 1842 895 narrationem
1901 847 2043 891 non
2101 833 2607 891 commutasset

247 942 456 1000 tanta
509 933 829 1013 levitate,
899 955 1040 1019 qua
1096 933 1331 1020 ipsum
1381 932 1723 999 Ovidium
1782 933 1960 999 haec
2016 931 2254 998 omnia
2313 931 2605 997 finxisse

243 1049 577 1126 apparet:
625 1042 807 1106 Iuno
853 1061 1157 1127 poenam
1202 1040 1275 1105 in
1323 1039 1658 1106 idoneum
1710 1048 1991 1126 tempus
2040 1038 2303 1122 differt,
2367 1048 2604 1105 tamen

245 1145 441 1228 furit,
488 1146 610 1213 ubi
658 1156 873 1213 natus
923 1156 1032 1214 est
1079 1149 1315 1230 ArcaS,
1363 1167 1797 1232 quamquam
1846 1146 2017 1233 ipsa,
2065 1167 2158 1211 ne
2201 1145 2338 1211 hoc
2382 1145 2602 1228 fieret,

248 1252 601 1338 impedire
648 1253 884 1340 potuit
929 1255 1126 1335 (Met.
1176 1255 1247 1318 II
1297 1250 1422 1318 471
1473 1255 1623 1338 sq.):

573 1359 862 1426 Scilicet
907 1360 1043 1425 hoc
1091 1359 1306 1426 etiam
1352 1359 1684 1442 restabat,
1735 1359 2070 1440 adultera,
2117 1358 2315 1441 dixit,

575 1468 679 1533 Ut
723 1466 1028 1532 fecunda
1075 1465 1278 1549 fores,
1325 1465 1671 1552 fieretque
1717 1465 1975 1531 iniuria
2022 1474 2231 1551 partu

573 1574 782 1655 Nota,
829 1572 1163 1658 Iovisque
1213 1572 1352 1637 mei
1403 1581 1907 1639 testamentum
1957 1570 2259 1637 dedecus
2309 1573 2521 1636 esset!

466 1678 707 1744 Alium
764 1690 1048 1765 poetam
1108 1679 1208 1744 ita
1267 1679 1672 1765 peccavisse
1721 1700 1862 1744 non
1910 1677 2148 1743 minus
2197 1677 2606 1742 incredibile

244 1793 377 1867 est,
427 1806 641 1870 quam
673 1787 1052 1868 Nasonem,
1101 1785 1160 1850 si
1208 1795 1491 1872 poetam
1543 1793 1730 1851 esset
1775 1794 2079 1867 secutUS,
2130 1783 2280 1850 eius
2312 1783 2607 1849 narrati-

242 1913 386 1957 one
421 1892 748 1976 neglecta
797 1901 942 1958 tam
990 1893 1177 1957 male
1209 1895 1444 1978 ipsum
1493 1891 1674 1958 haec
1718 1891 1958 1957 omnia
1990 1890 2207 1956 fuisse
2239 1889 2595 1957 ficturum.

247 2000 505 2083 Itaque
555 2020 597 2063 a
645 1998 1175 2085 mythographo
1223 1998 1518 2063 Iunonis
1576 1998 2008 2064 mentionem
2040 2007 2322 2083 poetam
2373 1992 2606 2082 sump'-

245 2105 427 2169 sisse
474 2127 752 2189 cense0,
801 2106 889 2170 ab
939 2105 1186 2171 eodem
1234 2104 1549 2187 fortasse,
1598 2104 1737 2190 qui,
1788 2126 1877 2169 ne
1924 2104 1998 2169 in
2048 2125 2241 2169 mare
2299 2103 2607 2189 intinge-

245 2220 498 2276 rentur
557 2211 805 2293 sidera,
852 2211 1213 2297 prohiberi
1247 2211 1849 2278 commemoravit.
1947 2210 2288 2276 Franzius
2320 2210 2603 2296 quidem

244 2315 467 2382 etiam
519 2317 705 2383 hanc
751 2318 1225 2384 narrationem
1264 2317 1604 2383 Ovidium
1654 2339 1697 2382 a
1742 2329 1969 2404 poeta,
2019 2318 2130 2383 vel
2181 2339 2222 2382 a
2258 2321 2608 2398 RomanO,

248 2423 610 2510 accepisse
688 2423 1068 2508 contendit,
1146 2423 1268 2491 sed
1346 2424 1487 2491 iam
1563 2424 1979 2493 Eh‘waldius
1996 2428 2049 2506 ⁶)
2118 2435 2189 2491 et
2259 2424 2605 2491 Rehmius

245 2529 445 2615 (diss.
511 2553 578 2617 p.
627 2527 743 2617 28)
791 2532 925 2597 hoc
971 2530 1124 2598 fieri
1190 2553 1331 2597 non
1389 2553 1597 2618 posse
1644 2531 2327 2598 demonstraverunt.
2427 2532 2605 2596 Mihi

244 2638 448 2702 Naso
515 2638 667 2723 ipse
737 2638 923 2704 hanc
969 2659 1116 2704 rem
1164 2638 1307 2704 iam
1357 2637 1869 2725 antiquissimis
1925 2639 2154 2724 poetis
2212 2660 2354 2703 non
2404 2639 2606 2724 igno-

248 2755 401 2809 tam
420 2744 474 2829 ⁷)
522 2742 620 2809 ita
670 2765 1048 2811 exornasse
1096 2744 1394 2812 videtur.

468 2853 551 2915 In
614 2850 929 2917 eiusdem
991 2853 1656 2939 Metamorphoseon
1714 2851 1874 2917 libri
1932 2852 2251 2918 versibus
2314 2848 2444 2916 633
2502 2873 2604 2938 sq.

244 2956 497 3042 paucis
566 2967 778 3044 poeta
844 2958 1141 3044 attingit
1204 2960 1430 3025 fatum
1494 2958 1977 3045 Aesculapii
2044 2968 2123 3025 et
2186 2958 2605 3040 ChironiS,

246 3084 432 3148 quos
478 3062 553 3128 in
602 3065 842 3130 stellas
904 3086 1057 3130 esse
1106 3067 1643 3132 transformatos
1699 3065 1768 3130 in
1833 3065 2066 3130 Fastis
2122 3064 2215 3150 (V
2270 3061 2400 3130 379
2455 3087 2606 3152 sqq.

243 3170 353 3235 VI
405 3165 533 3234 735
581 3176 749 3257 sqq.)
798 3171 1210 3257 explicatur.
1307 3173 1502 3254 Quas
1538 3171 1913 3237 Fastorum
1950 3171 2389 3237 narrationes
2424 3193 2608 3237 com-

242 3287 636 3362 ponentem
663 3277 1001 3343 Ovidium
1032 3277 1576 3347 Eratosthenem
1613 3299 1766 3343 esse
1798 3289 2118 3345 secutum
2149 3278 2605 3346 manifestum

245 3391 380 3448 est.
476 3383 822 3465 Rehmius
870 3405 1301 3469 quamquam
1349 3382 1536 3449 idem
1589 3384 2095 3452 animadvertit
2142 3384 2335 3469 (diss
2385 3407 2450 3471 p.
2479 3382 2605 3468 30),
2712 3480 2716 3484 “

242 3492 319 3499 ‘—

471 3525 524 3610 5)
571 3529 748 3587 Nulla
808 3531 921 3587 nisi
968 3532 1083 3587 hac
1130 3530 1390 3598 ratione,
1449 3549 1554 3588 cur
1599 3538 1787 3607 poeta
1832 3532 1917 3589 ita
1962 3550 2093 3589 rem
2139 3533 2451 3597 rettulerit,
2499 3534 2604 3588 de-

247 3618 469 3676 clarari
513 3637 694 3694 posse
742 3626 909 3694 puto.
999 3620 1279 3676 Franzius
1327 3618 1413 3701 (p.
1461 3615 1621 3699 323)
1653 3621 1945 3677 Iunonem
1994 3621 2295 3678 invectam
2328 3620 2605 3677 effecisse

247 3708 597 3774 contendit,
652 3716 718 3766 ut
764 3709 823 3765 in
870 3709 1158 3767 idoneum
1206 3716 1445 3785 tempus
1493 3709 1761 3767 differret
1816 3710 1935 3766 dea
1980 3728 2263 3784 poenam.
2353 3712 2431 3767 At
2476 3711 2605 3767 sine

247 3796 440 3855 dubio
490 3796 738 3855 Callisto
807 3816 843 3853 a
889 3796 1090 3855 Diana
1149 3798 1412 3856 eiectam
1460 3799 1661 3856 statim
1708 3799 1856 3856 Iuno
1905 3800 2101 3874 potuit
2146 3808 2398 3856 mutare.
2487 3800 2605 3856 Ita-

246 3902 373 3960 que
422 3886 735 3961 equidem,
782 3894 849 3942 ut
893 3887 1046 3943 filius
1092 3888 1398 3962 ignarus
1446 3896 1704 3944 matrem
1749 3895 1958 3963 posset
2011 3890 2312 3964 persequi,
2357 3897 2606 3963 poetam

244 3981 391 4050 post
459 3983 699 4049 partum
757 3976 1001 4032 demum
1052 3976 1299 4034 Callisto
1360 3995 1494 4034 esse
1554 3975 2038 4034 transformatam
2086 3977 2394 4052 scripsisse
2440 3987 2606 4052 puto.

470 4062 522 4140 ⁶)
562 4063 839 4138 Jahresb.
884 4066 1038 4121 iiber
1085 4065 1142 4121 d.
1188 4066 1576 4123 Fortschritte
1625 4067 1733 4123 der
1794 4068 1967 4124 clasS.
2025 4067 2439 4123 Altert.-Wiss.
2493 4070 2608 4124 vol.

244 4150 470 4209 LXXX
517 4172 574 4227 p.
623 4153 725 4213 40.
2209 4167 2217 4173 “
2579 4165 2600 4171 ’·

469 4242 515 4315 7)
565 4242 640 4298 cf.
687 4243 752 4298 Il.
799 4241 999 4299 XVIII
1047 4242 1195 4302 489.
