3123 4871
1508 265 1919 334 ...12-

536 480 879 547 hausisse.
973 481 1113 549 Sed
1187 482 1348 569 plus
1418 482 1559 548 iam
1628 482 1741 547 his
1814 504 1903 548 ex
1972 482 2561 569 explicationibus
2610 483 2913 551 efficere

537 588 875 654 audacius
948 611 1101 654 esse
1172 589 1345 654 mihi
1416 588 1722 656 videtur.
1814 588 2086 655 Tamen
2139 587 2671 656 Krassowskius
2732 612 2907 656 con-

540 694 792 762 tendit:
874 697 1026 777 Qua
1096 697 1178 760 de
1246 718 1443 760 causa
1512 696 1692 760 nihil
1730 718 1851 760 nos
1894 697 2196 782 impedit,
2271 698 2627 782 quominus
2670 720 2907 762 unum

536 805 802 865 lantum
823 804 1096 888 fontem
1142 803 1223 866 ab
1265 803 1498 867 Ovidz'o
1541 802 1914 867 adhibitum
1961 825 2098 867 esse
2143 825 2539 868 censeamus,
2589 856 2602 869 .
2641 856 2656 871 .
2691 855 2705 869 .
2750 805 2911 887 Qui

535 913 762 972 aulem
808 910 979 993 sons
1009 910 1267 996 suerit,
1327 909 1509 973 nobis
1555 911 1859 995 zgrnotum
1906 915 2014 975 est.
2118 911 2369 975 Tamen
2417 910 2718 974 dubitari
2754 932 2905 974 non

524 1020 748 1099 potest
763 1064 780 1087 ,
866 1017 1027 1101 quin
1100 1017 1171 1079 in
1241 1038 1521 1081 numero
1565 1017 2204 1081 Alexandrinorum
2263 1022 2619 1102 poetarum
2660 1018 2901 1090 suerit.

540 1120 770 1204 Quid?
859 1122 1001 1188 Cur
1069 1122 1143 1187 in
1212 1144 1506 1188 numero
1556 1122 2240 1189 Alexandrinorum?
2332 1125 2438 1188 De
2500 1123 2636 1188 hac
2681 1146 2755 1190 re
2803 1145 2903 1189 ne

541 1249 763 1293 unum
837 1229 1120 1316 quidem
1195 1229 1486 1295 verbum
1549 1229 2103 1295 Krassowskius
2201 1230 2530 1312 Quonam
2604 1231 2901 1296 tandem

494 1416 503 1425 .
540 1336 751 1399 modo
784 1336 1074 1402 omnino
1107 1346 1351 1422 poeta
1382 1335 1557 1401 fuit?
1607 1336 2027 1422 Priusquam
2060 1336 2252 1418 haec,
2286 1358 2468 1422 quae
2497 1338 2904 1403 Krassows-

538 1440 732 1523 kius,
800 1443 1222 1508 contendere
1289 1464 1694 1528 possumuS,
1761 1442 2246 1528 respiciendae
2291 1453 2484 1524 suut,
2549 1443 2624 1507 ni
2671 1444 2899 1527 fallor,

538 1548 838 1630 fabulae,
875 1571 1053 1635 quas
1086 1548 1384 1615 inseruit
1410 1548 1713 1615 Ovidius
1749 1550 2027 1634 utrique
2056 1549 2532 1635 explicationi,
2557 1549 2900 1636 quoniam

538 1657 1098 1741 praetermittere
1150 1677 1289 1721 non
1335 1656 1505 1721 licet
1549 1655 1727 1720 nihil
1778 1655 2008 1721 adhuc
2056 1678 2185 1721 nos
2235 1655 2370 1721 nisi
2418 1656 2490 1720 id
2540 1677 2693 1721 esse
2736 1678 2902 1722 con-

470 1845 474 1849 ·
539 1771 820 1827 secutos
855 1762 1213 1844 Ovidium,
1256 1763 1612 1848 quomodo
1648 1762 2061 1848 Proserpina
2096 1763 2283 1848 apud
2321 1765 2658 1827 Hennam
2689 1773 2901 1848 rapta

540 1891 581 1934 a
628 1878 853 1934 matre
903 1868 1223 1955 quaesita
1272 1870 1366 1934 sit
1414 1879 1483 1935 et
1530 1870 1884 1955 quomodo
1918 1870 2239 1956 Iuppiter
2271 1891 2312 1934 a
2346 1870 2596 1936 Cerere
2628 1869 2900 1935 auxilio

541 1987 836 2042 vocatus
916 1975 1113 2041 litem
1193 1975 1717 2058 diiudicaverit,
1792 1975 1867 2040 in
1946 1986 2247 2063 utroque
2325 1975 2502 2043 libro
2572 1976 2900 2042 similiter

539 2082 921 2168 parvisque
946 2081 1549 2167 intercedentibus
1577 2082 2065 2168 discrepantiis
2091 2082 2462 2168 explicare,
2490 2092 2568 2148 ut
2594 2082 2897 2149 eundem

540 2190 809 2255 fontem
883 2210 1049 2254 eum
1121 2212 1273 2255 esse
1343 2200 1666 2255 secutum
1738 2189 2118 2255 verisimile
2188 2189 2301 2255 sit.
2405 2191 2658 2275 Neque
2727 2210 2897 2255 vero

539 2296 681 2360 iani
731 2294 845 2359 his
893 2305 1128 2382 potest
1173 2296 1643 2362 demonstrari
1694 2306 1963 2361 certum
2013 2296 2315 2382 aliquem
2363 2307 2647 2382 poetam
2679 2295 2897 2361 fuisse

542 2402 852 2468 Nasonis
923 2403 1217 2487 fonten1;
1291 2425 1454 2469 nam
1526 2403 1678 2469 sine
1750 2402 1964 2469 dubio
2037 2402 2252 2469 etiam
2321 2402 2895 2489 mythographus

544 2509 843 2596 quilibet
931 2522 1436 2596 argumentum
1527 2512 1667 2577 tale
1747 2533 2166 2596 componere
2250 2511 2502 2597 potuit.
2628 2513 2895 2595 Itaque,

543 2616 598 2682 si
681 2639 953 2700 omneS,
1064 2640 1244 2705 quae
1321 2618 1628 2684 insertae
1706 2619 2074 2703 leguntur,
2174 2619 2451 2684 fabulas
2530 2620 2894 2684 Nasonem

542 2722 828 2789 aliunde
877 2725 1265 2811 sumpsisse
1315 2725 1747 2791 censendum
1796 2736 2008 2808 esset,
2072 2746 2207 2809 ego
2254 2735 2539 2811 poetam
2588 2723 2895 2809 aliquem

544 2830 759 2896 fuisse
794 2832 1032 2898 Ovidii
1083 2833 1350 2897 fontem
1402 2854 1543 2898 non
1595 2831 2005 2898 obtinerem.
2102 2833 2264 2915 Qua
2311 2832 2397 2897 de
2447 2852 2661 2897 causa
2708 2851 2897 2894 nunc

540 2938 1041 3025 inquirendum
1112 2961 1266 3004 esse
1335 2949 1536 3026 puto,
1609 2960 1784 3024 quas
1854 2938 2130 3004 fabulas
2200 2938 2483 3003 aliunde
2546 2936 2896 3002 addidisse

549 3039 889 3112 Ovidium
964 3046 1345 3111 verisimile
1414 3045 1528 3112 sit.
1635 3047 1836 3110 Haec
1914 3055 1996 3111 ut
2064 3045 2459 3131 perspicere
2528 3043 2895 3131 possimu5‚

543 3151 853 3238 primum
904 3153 1386 3218 demonstrare
1436 3153 1759 3234 conabor,
1812 3150 2065 3236 quibus
2098 3152 2233 3217 hae
2266 3151 2545 3218 fabulae
2579 3149 2901 3216 dissenti-

545 3271 696 3342 ant3
755 3260 943 3346 quod
992 3259 1206 3325 etiam
1259 3258 1753 3326 Krassowskio
1801 3281 1941 3323 non
1993 3268 2144 3324 erat
2189 3256 2892 3345 praetermittendum

545 3387 629 3430 eo
676 3367 934 3451 magis,
993 3366 1178 3452 quod
1231 3388 1475 3432 omnes
1524 3367 1745 3450 locos,
1793 3365 1914 3432 ubi
1966 3364 2099 3430 sibi
2148 3373 2620 3451 repugnasset
2664 3371 2890 3449 poeta,

546 3471 878 3557 colligere
926 3474 1060 3539 sibi
1108 3482 1594 3560 proposuerat.

761 3582 844 3644 In
882 3580 1114 3646 Fastis
1159 3581 1362 3646 initio
1396 3579 1862 3666 expositionis
1897 3587 2491 3644 commemoratur
2524 3577 2893 3642 Plutonem

549 3686 1040 3772 Proserpinam
1121 3710 1203 3753 eo
1284 3698 1600 3773 tempore
1669 3686 2021 3772 rapuisse,
2099 3705 2240 3770 quo
2310 3684 2399 3749 ad
2471 3682 2892 3748 Arethusam

549 3794 913 3860 visendam
963 3794 1220 3860 afuerit
1267 3804 1494 3859 mater
1539 3792 1760 3881 (Fast.
1812 3794 1915 3859 IV
1963 3787 2093 3856 423
2142 3795 2299 3876 sq.):

871 3900 1161 3987 Frigida
1211 3902 1596 3966 caelestum
1647 3910 1908 3965 matres
1957 3897 2312 3964 Arethusa
2360 3905 2670 3962 vocaret.

959 4010 1272 4075 Venerat
1318 4008 1405 4072 ad
1456 4028 1691 4072 sacras
1739 4014 1811 4070 et
1856 4006 1988 4070 dea
2034 4006 2226 4070 flava
2274 4004 2508 4089 dapes.

762 4116 970 4182 Ceres
1020 4114 1245 4199 igitur
1292 4114 1379 4179 ab
1413 4112 1769 4178 Arethusa
1817 4112 2097 4177 rediens
2145 4110 2367 4176 filiam
2418 4120 2699 4196 raptam
2749 4130 2896 4176 esse

551 4223 921 4309 comperit.
1016 4221 1157 4290 Sed
1215 4221 1390 4286 haec
1446 4219 1736 4285 omnino
1784 4219 2188 4305 discrepant
2235 4239 2393 4283 cum
2446 4217 2551 4283 iis.
2599 4237 2782 4303 quae
2826 4215 2899 4283 in
