3123 4871
1330 267 1771 334 ..41-

355 481 714 568 nupserit.
806 481 1092 549 Scholia
1150 481 1802 568 Sangermanensia
1856 482 2272 550 brevissime
2318 502 2465 548 rem
2515 481 2725 549 attin-

362 597 627 674 gentes
696 588 1100 676 discrepant
1166 611 1210 654 a
1282 589 1605 676 reliquis,
1684 589 1868 676 quod
1943 588 2273 676 Meropen
2346 610 2487 655 non
2523 634 2528 639 ·
2558 609 2720 655 cum

357 693 684 782 Sisypho
724 695 1190 763 concubuisse
1239 695 1360 761 sed
1412 702 1698 782 nuptam
1729 718 1772 759 a
1804 697 2091 782 quodam
2122 696 2270 761 viro
2302 696 2720 760 nominatam

364 824 515 865 esse
572 804 1104 888 Hippodamiam
1169 802 1437 870 dicunt.
1531 803 1787 872 Errore
1849 802 2273 871 scholiastae
2338 802 2515 868 haec
2570 822 2721 868 esse

362 907 636 994 scripta
705 909 844 975 iam
918 909 1320 996 suspicatus
1393 919 1502 977 est
1573 909 2047 991 Robertus.²⁴)
2167 907 2263 976 At
2328 907 2402 974 in
2471 907 2719 977 iisdem

363 1014 660 1081 scholiis
715 1016 1011 1083 alteram
1074 1037 1361 1083 causam
1415 1016 1754 1103 legimus:
1831 1017 2052 1098 Quam
2108 1016 2382 1102 quidam
2412 1015 2725 1101 fabulose

344 1122 725 1207 gentilium
769 1131 942 1208 prae
995 1124 1229 1188 lz'mom
1284 1123 1551 1188 Orionis·
1572 1122 1845 1209 fugisse
1879 1127 2151 1208 putant.

588 1263 828 1333 Etiam
894 1264 1070 1330 haec
1136 1288 1224 1332 ex
1285 1263 1807 1331 Catasterismis
1874 1263 2167 1329 fluxisse
2238 1263 2723 1330 demonstrare

360 1382 671 1437 conatus
762 1371 1118 1437 Robertus
1204 1393 1293 1436 ex
1382 1370 1724 1456 Hygino·
1773 1381 1844 1437 et
1922 1393 2010 1435 ex
2090 1369 2375 1436 scholiis
2445 1369 2723 1437 Arateis

361 1478 618 1543 attulit
684 1478 995 1545 fabulam
1055 1478 1142 1543 de
1203 1477 1512 1560 Pleione,
1582 1499 1796 1564 quam
1845 1499 2003 1544 cum
2052 1476 2335 1542 filiabus
2383 1476 2719 1543 Orionem

363 1583 769 1668 fugientem
820 1605 860 1649 a
910 1586 1080 1650 Iove
1127 1583 1312 1650 inter
1358 1593 1547 1650 astra
1598 1604 1750 1649 esse
1799 1584 2210 1649 collocatam
2259 1582 2361 1647 illi
2409 1591 2722 1648 narrant.

366 1694 473 1754 At
526 1700 714 1756 recte
781 1678 1127 1756 Rehmiu's
1185 1690 1379 1777 (diss,
1441 1711 1504 1776 p.
1561 1687 1671 1770 15)
1715 1689 2232 1756 demonstravit
2287 1688 2415 1755 has
2473 1689 2723 1754 scholi-

361 1806 571 1862 astae
613 1798 853 1863 Aratei
903 1806 973 1862 et
1023 1797 1301 1882 Hygini
1350 1796 1859 1883 explicationes
1900 1796 2168 1863 alienas
2215 1817 2370 1861 esse
2417 1796 2506 1861 ab
2552 1795 2723 1864 Era-

369 1903 726 1984 tosthene3
760 1925 924 1969 nam
960 1904 1227 1969 scholia
1247 1903 1894 1989 sangermanensia
1925 1925 2068 1969 non
2095 1902 2345 1968 dicunt
2373 1902 2721 1983 Pleioneu,

361 2010 497 2076 sed
531 2010 884 2079 Electram
914 2010 1203 2096 'fugisse
1237 2010 1593 2093 Orionem,
1642 2031 1926 2076 causam
1974 2009 2200 2093 igitur
2247 2009 2555 2076 afferunt
2599 2030 2722 2075 cur

361 2137 499 2182 sex
556 2126 834 2183 tantum
886 2117 1264 2184 videantur
1310 2117 1582 2200 stellae,
1641 2120 1809 2199 non,
1865 2126 1948 2183 ut
2001 2116 2202 2183 Arati
2257 2116 2603 2202 interpres
2651 2125 2723 2182 et

371 2223 747 2308 HyginuS,
814 2245 937 2289 cur
994 2223 1212 2291 Orion
1260 2224 1621 2310 fugientes
1672 2223 1947 2290 Pliadas
2005 2224 2093 2289 ad
2143 2244 2471 2289 occasum
2521 2222 2721 2308 sequi

368 2328 719 2397 videatur.
799 2331 895 2395 At
927 2330 1331 2412 Rehmium,
1378 2351 1808 2417 quamquam
1856 2330 2126 2416 primus
2175 2330 2309 2396 hoc
2355 2338 2542 2396 recte
2573 2351 2723 2416 per-

350 2438 626 2522 spexit,
674 2448 910 2505 tamen
956 2439 1041 2503 ad
1082 2438 1620 2505 Catasterismos
1667 2438 1855 2503 hanc
1903 2438 1991 2504 de
2026 2437 2309 2505 Electra
2357 2449 2429 2504 et
2452 2437 2722 2504 Orione

364 2543 684 2610 fabulam
712 2544 1036 2611 retulisse
1068 2544 1299 2622 miror,
1334 2566 1565 2632 neque
1591 2544 1654 2611 ei
1679 2566 1967 2631 possum
1997 2544 2340 2628 assentiri,
2384 2544 2717 2630 quoniam

373 2650 433 2715 si
484 2661 670 2718 recte
716 2650 1076 2734 iudicavit,
1125 2651 1213 2718 ab
1260 2673 1404 2717 uno
1453 2652 1589 2716 hoc
1621 2651 2028 2717 Germanici
2072 2650 2450 2717 scholiasta
2482 2650 2721 2717 fabula

367 2767 985 2825 commemoratur.
1055 2758 1195 2825 Sed
1232 2780 1418 2825 unus
1462 2758 1580 2823 hic
1611 2757 1957 2844 interpres
1990 2757 2280 2824 omnino
2312 2761 2455 2822 non
2486 2766 2724 2843 potest

368 2864 860 2930 demonstrare
892 2866 1383 2949 narrationem,
1426 2886 1639 2951 quam
1673 2864 1924 2952 reliqui
1959 2885 2100 2930 non
2132 2874 2615 2945 servaverunt,
2647 2863 2721 2928 iu

370 2971 897 3038 Catasterismis
946 2971 1324 3040 exstitisse.
1393 2972 1714 3038 Avienus
1762 2971 2047 3058 quidem
2084 2971 2325 3037 eadem
2365 2973 2722 3053 tractat,²⁵)

368 3099 604 3164 neque
666 3100 832 3145 vero
895 3100 1090 3161 eum,
1160 3079 1281 3165 qui
1330 3078 1732 3148 Sminthem
1781 3078 1958 3143 haec
2006 3076 2459 3164 descripsisse
2507 3076 2721 3159 addit,

366 3186 509 3249 hoc
553 3186 708 3251 loco
744 3185 1286 3252 Catasterismos
1319 3207 1472 3250 esse
1505 3195 1829 3251 secutum
1865 3185 2286 3251 contendere
2318 3205 2719 3275 possumus.

586 3328 819 3394 Aliam
909 3350 1189 3414 quoque
1277 3347 1593 3410 causam,
1686 3348 1809 3392 cur
1891 3327 2189 3393 obscura
2259 3326 2354 3392 sit
2417 3326 2721 3413 septima

373 3434 698 3501 Pliadum
749 3435 982 3516 stella,
1052 3435 1325 3500 addunt
1379 3433 1646 3499 scholia
1702 3435 1987 3516 Aratea,
2056 3432 2720 3518 Sangermanensia,

371 3541 735 3626 HyginuS,
809 3541 929 3627 qui
1001 3562 1245 3608 omnes
1309 3540 1523 3606 simili
1590 3540 1861 3607 ratione
1926 3549 2296 3626 exponunt
2362 3540 2719 3608 Electram

367 3647 591 3715 Troia
659 3658 865 3735 capta
944 3648 1183 3715 dolore
1262 3657 1657 3734 permotam
1728 3670 1770 3713 a
1844 3647 2093 3713 ceteris
2168 3667 2245 3712 se
2317 3645 2721 3726 removisse,

365 3755 601 3821 crines
647 3755 1079 3837 dissolvisse,
1125 3764 1498 3842 propterea
1548 3755 1889 3820 Cometen
1938 3752 2299 3842 appellari.
2316 3753 2401 3839 ²⁶)

592 4006 677 4092 24)
725 4010 800 4067 cf.
847 4029 1005 4086 quae
1054 4010 1364 4068 adnotavit
1408 4011 1467 4067 in
1516 4009 1612 4068 ed.
1659 4029 1717 4084 p.
1773 4008 1915 4069 134.

592 4117 668 4188 ²5)
716 4118 924 4174 Avien.
969 4136 1022 4173 v.
1069 4115 1200 4176 582
1248 4135 1336 4191 sq.

593 4218 677 4304 ²⁶)
725 4224 966 4282 Omittit
1012 4226 1166 4280 haec
1213 4224 1380 4281 Arati
1426 4224 1770 4281 scholiasta.
