3123 4871
1338 236 1734 304 -9-

355 451 668 536 videtur3
702 475 866 518 nam
901 453 1169 540 optime
1197 452 1571 518 Fastorum
1607 452 1822 518 verba
1858 474 2016 518 cum
2049 452 2712 537 Metamorphoseon

357 557 830 644 explicatione
877 570 1177 645 possunt
1224 558 1565 644 coniungi
1612 559 1748 623 hac
1793 560 2093 625 ratione:

574 664 960 732 Mercurius
1006 667 1219 731 refert
1265 688 1365 747 ea,
1414 686 1594 751 quae
1643 678 1832 731 certa
1880 676 2065 748 sunt,
2099 665 2285 752 quod
2319 665 2473 731 visa
2518 674 2711 747 sunt;

363 782 434 838 et
480 772 767 855 idcirce,
816 774 1002 860 quod
1053 773 1207 840 visa
1254 781 1438 855 sunt,
1490 773 1699 840 Ceres
1746 772 2038 838 minime
2085 781 2321 858 potest
2367 771 2712 837 dubitare.

577 882 944 946 Praeterea
976 880 1117 945 iam
1151 879 1360 945 aliam
1395 878 1946 965 repugnantiam
1972 878 2278 945 inveniri
2319 881 2711 944 Krassows-

357 986 522 1051 kius
569 997 791 1073 putat,
839 1009 1051 1074 quam
1105 1008 1334 1073 neque
1380 987 1608 1072 ipsam
1656 986 1952 1072 probare
1999 1007 2312 1071 possum.

574 1094 955 1161 Contendit
1031 1094 1216 1160 enim
1287 1103 1569 1179 poetam
1644 1095 1965 1160 Cererem
2036 1093 2262 1179 ipsam
2335 1092 2421 1158 ad
2485 1091 2708 1158 filiam

363 1199 906 1266 descendentem
982 1201 1056 1266 in
1127 1200 1363 1267 animo
1433 1199 1784 1283 habuisse,
1861 1220 2021 1265 cum
2092 1199 2281 1265 dicat
2347 1198 2421 1264 in
2494 1201 2710 1265 Meta·

357 1307 854 1392 morphosibus
903 1331 967 1373 v.
1018 1304 1175 1373 533:

681 1465 961 1481 .....
1011 1424 1085 1480 at
1133 1415 1365 1482 Cereri
1416 1424 1683 1480 certum
1736 1424 1841 1480 est
1891 1414 2185 1480 educere
2231 1423 2495 1480 natam.

577 1520 672 1588 Et
716 1531 797 1588 ut
843 1521 1011 1587 huic
1060 1521 1452 1587 sententiae
1500 1521 1715 1586 fidem
1763 1521 1993 1604 faciat,
2041 1520 2237 1586 addit
2284 1519 2499 1586 etiam
2533 1520 2706 1587 alios

358 1638 609 1713 poetas
689 1628 1009 1695 Cererem
1099 1629 1184 1694 ad
1279 1628 1540 1693 inferos
1618 1628 2161 1693 descendentem
2239 1626 2706 1713 descripsisse.

354 1734 636 1816 Quibus
696 1734 874 1799 nihil
924 1756 1129 1820 posse
1176 1734 1644 1800 demonstrari
1690 1734 2059 1817 contendo,
2100 1755 2264 1798 nam
2302 1731 2421 1798 alii
2454 1743 2706 1820 poetae

352 1841 648 1906 omnino
697 1842 836 1906 alia
883 1841 1017 1907 hac
1064 1842 1149 1906 de
1197 1841 1438 1906 fabula
1486 1841 1949 1906 tradiderunt.

540 1947 877 2014 Ovidium
909 1959 1148 2014 autem
1176 1948 1490 2014 hocloco
1518 1947 1726 2013 aliam
1755 1946 2037 2012 fabulae
2061 1948 2360 2013 formam
2388 1956 2705 2034 spectare

356 2053 498 2119 iam
548 2054 712 2119 inde
760 2075 1097 2140 apparere
1145 2064 1333 2139 puto,
1383 2055 1570 2141 quod
1609 2036 2189 2141 Proserpinam
2226 2054 2704 2140 Ascalaphum

350 2159 721 2247 punivisse
792 2171 1045 2226 narrat.
1141 2163 1326 2227 Nam
1399 2162 1457 2227 si
1531 2161 1973 2247 Ascalaphus
2041 2161 2176 2248 ipsi
2227 2161 2458 2228 Cereri
2528 2161 2706 2227 haec

350 2267 785 2349 nuntiasset,
832 2268 1151 2333 futurum
1201 2258 1417 2334 fuisse
1466 2277 1547 2333 ut
1593 2267 1725 2332 dea
1772 2268 1928 2353 ipsa
1977 2290 2139 2333 eum
2188 2278 2513 2351 mutaret,
2560 2289 2704 2333 non

355 2374 803 2461 Proserpina,
861 2374 1036 2440 mihi
1085 2373 1677 2441 verisimillimum
1728 2373 2030 2442 videtur.
2125 2377 2236 2442 Ita
2285 2384 2543 2456 autem,
2591 2373 2704 2441 cui

348 2481 752 2548 nuntiasset
801 2481 1274 2567 Ascalaphus,
1335 2491 1544 2567 poeta
1594 2480 1860 2564 omisit,
1922 2482 2045 2547 sed
2096 2491 2372 2548 tantum
2424 2481 2705 2567 scripsit

347 2588 533 2672 (Met.
582 2592 646 2656 V
693 2586 881 2675 542):

674 2696 875 2763 Vidit
923 2704 994 2761 et
1039 2695 1299 2761 indicio
1346 2694 1655 2761 reditum
1706 2695 2007 2761 crudelis
2055 2695 2335 2761 ademit.

566 2805 817 2889 Itaque
877 2803 1009 2867 hoc
1065 2804 1275 2868 modo
1322 2802 1590 2888 optime
1638 2803 2006 2889 utriusque
2052 2802 2210 2868 libri
2259 2801 2700 2868 narrationes

349 2908 695 2975 contineri
741 2918 945 2995 puto:

568 3014 954 3081 Mercurius
1029 3016 1116 3080 ad
1169 3017 1540 3082 Plutonem
1615 3016 1874 3082 missus
1926 3015 2415 3101 Proserpinam
2475 3036 2700 3099 grana

356 3121 476 3187 illa
515 3121 778 3188 Punica
827 3122 1214 3189 comedisse
1263 3123 1623 3209 comperit.
1674 3160 1757 3169 ——
1789 3123 2233 3209 Ascalaphus
2279 3129 2490 3187 antea
2522 3121 2700 3187 haec

349 3227 626 3295 viderat
695 3239 767 3295 et
822 3228 1277 3296 indicaverat.
1329 3268 1412 3277 —
1466 3232 1720 3315 Itaque
1772 3229 2187 3315 Proserpina
2232 3228 2440 3311 irata,
2509 3230 2697 3315 quod

349 3334 730 3421 Ascalaphi
789 3357 1110 3403 sermone
1160 3358 1201 3401 a
1247 3336 1477 3402 reditu
1526 3335 1956 3422 prohibetur,
2006 3357 2166 3402 eum
2214 3335 2289 3401 in
2336 3336 2696 3402 bubonem

346 3452 595 3509 mutat.

564 3551 781 3614 Poeta
815 3549 1100 3635 quidem
1133 3550 1309 3615 haec
1340 3549 1415 3614 in
1451 3549 2162 3636 MetamorphosibuS,
2196 3550 2318 3615 illa
2352 3550 2426 3616 in
2463 3549 2695 3616 Fastis

351 3653 752 3740 explicavit,
801 3655 924 3721 sed
973 3655 1515 3742 discrepantiam
1550 3657 1687 3723 hac
1718 3656 1991 3723 ratione
2026 3666 2304 3723 exstare
2336 3656 2511 3723 mihi
2545 3677 2696 3742 per-

347 3761 644 3827 suadere
692 3784 832 3827 non
883 3784 1193 3848 possum.

558 3870 654 3934 At
726 3870 1040 3955 profecto
1108 3870 1251 3935 alia
1319 3892 1392 3935 re
1463 3870 1599 3936 hoc
1665 3870 1822 3936 loco
1878 3869 2012 3936 sibi
2060 3880 2417 3959 repugnat
2462 3880 2690 3957 poeta,

345 3975 537 4059 quod
586 3974 659 4039 in
711 3976 942 4042 Fastis
993 3975 1234 4059 tribus,
1280 3976 1353 4042 in
1390 3977 2083 4064 Metamorphosibus
2131 3988 2402 4064 septem
2451 3977 2692 4062 granis

347 4080 630 4145 Punicis
682 4082 1172 4168 Proserpinam
1246 4084 1532 4151 fruitam
1606 4105 1756 4149 esse
1828 4085 2167 4171 explicat;
2214 4105 2394 4170 quae
2441 4094 2691 4170 poetae

343 4208 575 4252 errore
609 4208 760 4254 esse
794 4199 947 4255 orta
983 4190 1519 4256 Krassowskius
1554 4201 1818 4258 censet.
1912 4191 2052 4257 Sed
2089 4189 2447 4274 Ovidium,
2481 4211 2690 4277 quem
