3123 4871
1219 285 1660 352 -17-

586 501 780 566 Dum
855 500 1038 587 legit
1114 505 1235 583 (sc.
1305 506 1638 588 papaver)
1708 501 1929 569 oblito
1999 502 2220 568 fertur
2290 510 2615 587 gustasse

2292 608 2536 694 palato

676 734 1221 818 Longamque
1265 731 1753 819 imprudens
1796 731 2268 799 exsoluisse
2297 733 2612 799 famem.

480 891 820 959 Ovidium
868 891 1093 979 igitur
1133 890 1461 958 Asealabi
1509 892 1826 959 fabulam
1874 891 2254 959 inseruisse
2302 903 2612 979 apparet,

262 1009 338 1066 et
412 997 602 1066 unde
678 998 1022 1082 hauserit,
1101 997 1443 1085 suspicari
1520 1020 1917 1085 possumus,
2011 1001 2198 1065 Nam
2272 998 2612 1066 Nicandri

264 1106 480 1172 verba
511 1104 599 1172 de
630 1106 767 1172 hac
798 1106 1044 1172 eadem
1078 1126 1155 1171 re
1187 1106 1377 1192 apud
1403 1105 1849 1177 Antoninum
1875 1105 2275 1176 Liberalem
2300 1106 2481 1193 (cap.
2507 1101 2614 1180 24)

261 1222 545 1280 servata
602 1222 748 1279 tam
806 1211 1065 1279 similia
1123 1221 1307 1296 sunt,
1379 1221 1543 1296 tam,
1615 1221 1696 1278 ut
1749 1212 1998 1301 loquar
2049 1234 2210 1279 cum
2262 1212 2615 1294 Plaehnio,

263 1319 332 1406 (1.
405 1341 464 1386 c.
529 1340 594 1406 p.
666 1313 782 1406 30)
838 1319 927 1385 ad
976 1318 1272 1386 verbum
1320 1318 1466 1385 fere
1514 1328 1922 1405 congruunt
1968 1339 2129 1385 cum
2177 1318 2465 1402 Ovidio,
2534 1329 2616 1384 ut

262 1426 560 1493 dubium
632 1447 787 1492 esse
856 1448 997 1493 non
1070 1425 1325 1512 possit,
1397 1424 1571 1511 quin
1631 1434 1845 1513 poeta
1889 1425 2023 1491 hoc
2068 1425 2224 1491 loco
2272 1422 2613 1492 Nicandri

265 1532 573 1620 vestigia
620 1531 972 1620 presserit.
1069 1533 1173 1600 Ut
1217 1531 1383 1619 ipse.
1416 1531 1681 1616 videaS,
1726 1532 1944 1598 verba
1991 1532 2378 1600 conferam:

429 1739 681 1806 Anton.
731 1737 884 1809 Lib.
934 1758 1083 1823 cap.
1133 1733 1239 1803 24.
1437 1710 1442 1856 Ι
1553 1736 1856 1803 Ovidius
1903 1746 2068 1805 met.
2119 1740 2185 1805 V
2232 1734 2365 1801 444
2413 1758 2562 1823 sqq.

259 1864 377 1872 μ...
416 1862 1732 1871 „mm—-

261 1916 426 2017 αἵην
505 1916 649 1992 tim)
722 1925 978 1990 πολλοῦ
1046 1922 1386 2008 καύματος
1437 1872 1445 1975 1
1501 1922 1717 1990 Fessa
1750 1923 1989 1990 labore
2019 1923 2210 1990 sitim
2234 1925 2618 2009 collegerat

354 2026 755 2117 vfnodaeffxecm
803 2028 1049 2121 Μίσμη

261 2176 377 2243 καὶ
434 2177 607 2242 διδοῖ
665 2168 885 2240 ποτὸν
949 2165 1123 2259 ἵὸωρ
1179 2172 1385 2258 ἐμβα·
1500 2171 1740 2239 Prodit
1780 2194 1960 2238 anus
2009 2172 2390 2259 divamque
2423 2171 2621 2239 videt

353 2285 561 2349 λοῦσα
609 2278 909 2371 γλήχωνα
951 2279 1062 2347 καὶ
1101 2268 1385 2368 ἄλφιτον
1581 2278 2090 2368 lymphamque
2110 2279 2395 2366 roganti
2415 2279 2618 2346 dulce

354 2390 422 2470 ἒς
469 2379 629 2457 αὐτὸ
1583 2385 1802 2469 dedit,
1859 2395 2046 2454 tosta
2101 2387 2288 2473 quod
2347 2397 2621 2455 texerat

1584 2502 1749 2559 ante
1794 2495 2083 2580 polenta

261 2641 374 2708 καὶ
423 2631 463 2730 ἧ
503 2633 827 2731 Δημήτηρ
870 2637 1099 2719 ἐξέπιε
1148 2688 1165 2702 .
1215 2687 1231 2702 .
1282 2687 1297 2702 .
1349 2627 1385 2702 ὁ
1494 2638 1687 2702 Dum
1734 2635 1915 2702 bibit
1966 2635 2091 2703 illa
2149 2636 2396 2703 datum
2458 2635 2616 2701 duri

354 2747 427 2814 δὲ
474 2752 644 2826 παῖς
685 2737 719 2812 ὁ
760 2751 879 2835 τῆς
920 2743 1204 2833 Μίσμης
1232 2734 1383 2809 {Ao-
1583 2763 1760 2829 puer
1823 2742 1964 2809 oris
2022 2753 2094 2810 et
2159 2743 2395 2809 audax
2463 2763 2622 2808 con·

353 2851 647 2938 κάλαβος
753 2847 912 2919 ἰδών
1006 2847 1382 2940 ἐποιήσατο
1582 2848 1769 2916 stitit
1822 2859 1989 2917 ante
2057 2850 2264 2917 deam
2323 2848 2620 2934 risitque

355 2960 610 3050 γέλωτα
674 2959 785 3026 καὶ
853 2949 1039 3039 αὖτις
1092 2958 1385 3026 ἐκέλευεν
1582 2956 2009 3043 avidamque
2033 2956 2333 3025 vocavit.
2384 2956 2623 3023 Ofien·
2677 2953 2680 2958 ’

357 3058 603 3156 ορέγειν
661 3058 824 3156 αὐτῇ
873 3066 1117 3157 λέβητα
1163 3061 1385 3151 βαθὺν
1585 3084 1666 3129 sa
1715 3073 1824 3130 est
1871 3085 2100 3150 neque
2144 3064 2376 3131 adhuc
2408 3074 2620 3151 epota

356 3169 397 3263 ἢ
453 3171 820 3263 πιθάκνην.
932 3169 1258 3264 Δημήτηρ
1311 3171 1384 3239 δὲ
1582 3181 1783 3256 parte
1847 3170 2252 3256 loquentem
2317 3191 2479 3237 cum
2543 3170 2623 3236 li-

353 3308 476 3348 κατ
533 3306 610 3366 ορ
614 3308 736 3369 srv
770 3307 865 3358 ως
897 3273 1029 3364 εἶχε
1058 3306 1118 3346 τ(
1171 3272 1387 3345 ποτὸν
1586 3275 1803 3362 quido
1854 3278 2079 3344 mixta
2110 3276 2422 3364 perfudit
2454 3276 2622 3345 diva

354 3379 528 3477 αὐτῷ
635 3382 713 3453 τὸ
813 3383 1386 3470 καταλειπόμενον
1448 3429 1453 3434 ·
1590 3385 1879 3469 polenta

356 3494 716 3579 προσέχεεν

262 3636 521 3728 ἐγένετο
590 3635 901 3730 ποικίλος
954 3636 1026 3702 ἐκ
1087 3640 1197 3700 coz·
1258 3630 1387 3699 σώ-
1500 3633 1716 3699 variis
1741 3633 2063 3699 stellatus
2091 3653 2377 3720 corpore
2396 3631 2621 3720 guttis

352 3769 563 3829 ματος

262 3885 375 3952 καὶ
444 3883 632 3953 ἔστιν
686 3877 863 3974 atico?
928 3884 1159 3951 diat-ca
1221 3873 1388 3971 παρ’
1502 3882 1988 3970 latebramque
2034 3884 2214 3971 petit

354 3983 585 4077 ὀχετόν
