3123 4871
1210 298 1650 367 -51-

269 537 477 582 usum
549 537 702 582 esse
758 525 1057 583 constat.
1151 516 1403 600 Neque
1448 535 1649 597 vero,
1718 523 1800 580 ut
1846 526 2086 580 censet
2131 512 2612 598 VollgraffiuS‚

266 621 609 688 memoria
660 620 931 687 Moschi
987 641 1237 687 versus
1294 619 1608 687 tenuisse
1655 623 1851 687 Naso
1898 619 2072 686 mihi
2121 619 2432 702 videtur,
2488 618 2612 684 sed

272 729 488 794 etiam
558 727 935 793 Fastorum
1001 728 1234 793 locum
1300 736 1841 813 componentem
1907 747 2069 792 eum
2140 724 2449 813 epyllion
2508 725 2613 791 ἰη-1

271 834 589 921 spexisse
633 843 834 920 puto;
883 855 1047 900 nam
1096 833 1170 899 in
1207 833 1442 899 Fastis
1477 832 1749 899 Moschi
1797 854 2049 920 poema
2082 832 2421 899 Ovidium
2468 852 2613 898 non

272 941 527 1025 solum,
621 950 702 1007 ut
768 941 841 1006 in
902 939 1624 1027 Metamorphosibus,
1715 939 2121 1005 adhibuisse
2190 948 2365 1026 puto
2429 940 2615 1003 unde

273 1049 520 1133 flores,
570 1046 690 1113 sed
750 1046 962 1113 etiam
1010 1046 1201 1113 unde
1246 1068 1357 1113 res
1403 1056 1694 1133 peteret.
1787 1048 1871 1111 In
1923 1045 2614 1132 Metamorphosibus

274 1152 461 1219 enim
494 1152 755 1220 omissa
786 1152 859 1218 in
895 1152 1129 1220 Fastis
1161 1154 1339 1219 haec
1371 1154 1688 1240 exponit:
1734 1152 2094 1238 Europam
2129 1175 2218 1218 ex
2251 1156 2425 1219 Iove
2460 1174 2615 1239 gra-

274 1260 511 1325 vidam
568 1260 952 1346 peperisse,
1018 1259 1300 1326 tertiam
1355 1270 1583 1327 terrae
1633 1270 1906 1346 partem
1963 1259 2291 1346 Europae
2356 1280 2615 1325 nomen

274 1366 642 1452 accepisse.
737 1366 934 1432 Idem
1007 1366 1255 1433 eadem
1330 1367 1680 1434 brevitate
1746 1366 2079 1432 Moschus
2152 1366 2449 1451 attingit
2521 1365 2617 1451 (v.

276 1471 362 1536 14
408 1477 560 1559 sq.):

598 1632 1614 1649 ................
1639 1589 1681 1647 ’.
1735 1633 1747 1648 .
1801 1633 1813 1647 .
1867 1633 1879 1646 .
1934 1634 1947 1647 .
2000 1634 2013 1647 .
2063 1570 2229 1668 αὐτῇ

595 1686 666 1752 ἐκ
714 1683 887 1766 Διὸς
930 1684 1227 1775 αἰγιόχου
1271 1686 1467 1775 γέρας
1510 1685 1786 1772 ἐζιιμεναι
1833 1677 2250 1773 Εὖριόπειαν.

275 1816 343 1858 v.
398 1788 552 1857 160:

666 1949 678 1963 .
733 1949 745 1963 .
796 1899 869 1979 ἐξ
910 1899 1155 1984 ἐμέθεν
1200 1899 1273 1967 δὲ
1319 1896 1591 1979 amoc-2.-
1636 1898 1946 1990 φιτύσεαι
1994 1891 2158 1978 υἷας.

489 2008 767 2092 Itaque,
835 2006 1167 2092 quoniam
1235 2007 1736 2093 praecedentes
1806 2027 2055 2073 versus
2119 2004 2458 2072 Ovidium
2529 2026 2619 2069 ex

280 2113 554 2179 Moschi
602 2113 910 2179 carmine
956 2112 1278 2179 hausisse
1327 2123 1636 2200 apparet,
1686 2113 1826 2180 alio
1874 2135 1963 2178 ex
2007 2113 2201 2178 fonte
2248 2132 2409 2178 eum
2443 2111 2621 2177 haec

278 2219 663 2305 sumpsisse
711 2229 792 2286 ut
837 2228 1168 2305 putemus
1217 2241 1429 2286 causa
1477 2241 1618 2286 non
1666 2221 1880 2286 adest.
1972 2219 2112 2287 Sed
2162 2240 2343 2305 quae
2388 2238 2621 2304 neque

277 2326 353 2391 in
403 2326 1091 2412 Metamorphosibus
1160 2349 1390 2414 neque
1459 2326 1649 2414 apud
1701 2327 2071 2393 Moschum
2141 2324 2620 2407 inveniuntur,

278 2431 492 2499 refert
537 2443 746 2520 poeta
792 2431 865 2498 in
916 2432 1150 2500 Fastis
1200 2457 1264 2501 v.
1314 2430 1476 2501 167:

599 2525 882 2606 Taurus
936 2540 1072 2606 init
1129 2540 1401 2606 caelum
1465 2593 1477 2608 .
1540 2593 1890 2608 ......

496 2648 605 2712 De
668 2648 1065 2713 mutatione
1127 2646 1351 2732 igitur
1412 2656 1933 2714 commemorat.
2031 2645 2239 2729 Quod
2299 2644 2620 2728 Ovidius,

283 2774 493 2838 quem
528 2754 1209 2840 Metamorphoseon.
1242 2754 1457 2821 libros
1504 2753 1943 2837 scribentem,
1994 2753 2397 2839 ubicunque
2429 2775 2623 2819 occa-

289 2859 392 2924 sio
441 2860 698 2942 tulerit,
730 2860 818 2925 de
851 2860 1257 2946 corpor-ibus
1289 2861 1361 2927 in
1398 2862 1572 2927 alias
1605 2862 1875 2947 figuras
1910 2860 2371 2945 transgressis
2403 2861 2623 2926 liben-

285 2976 389 3032 ter
432 2966 788 3032 rettulisse
835 2966 1290 3042 manifestum
1338 2977 1470 3051 est,
1526 2969 1713 3034 hanc
1739 2968 2068 3033 fabulam
2121 2976 2432 3040 tractans
2480 2989 2621 3033 non

281 3071 355 3136 in
394 3073 1100 3159 MetamorphosibuS,
1135 3084 1372 3141 tamen
1405 3074 1481 3140 in
1516 3076 1751 3140 Fastis
1784 3074 2251 3141 mutationem
2286 3075 2622 3159 narravit,

285 3178 540 3245 mirum
598 3189 729 3261 est3
778 3179 1019 3265 itaque
1065 3203 1229 3247 eum
1277 3181 1350 3246 in
1402 3180 1632 3246 Fastis
1679 3190 1958 3266 praeter
1992 3181 2261 3247 Moschi
2314 3181 2622 3267 epyllion

283 3285 502 3351 alium
574 3286 844 3352 fontem
909 3287 983 3351 in
1057 3286 1746 3373 Metamorphosibus
1812 3287 2215 3373 neglectum
2290 3288 2625 3355 ascivisse

282 3403 483 3477 puto:
533 3392 1094 3476 CatasterismOS,
1142 3392 1260 3478 qui
1310 3393 1620 3459 breviter
1667 3393 2136 3460 mutationem
2184 3395 2624 3482 attingentes

283 3499 532 3564 eodem
602 3500 813 3565 modo
883 3521 1024 3586 quo
1087 3511 1297 3586 poeta
1366 3499 1640 3566 addunt
1696 3500 1870 3566 alios
1918 3503 2163 3566 Ionem
2214 3524 2503 3569 vaccam
2548 3503 2623 3568 in

281 3606 419 3671 hoc
468 3606 662 3671 sidus
711 3628 865 3672 esse
913 3615 1258 3673 mutatam
1309 3616 1561 3693 putare
1616 3607 1835 3694 (Epit.
1884 3628 1939 3672 c.
1990 3610 2166 3675 XIV
2212 3630 2279 3694 p.
2329 3606 2459 3673 106
2525 3631 2624 3695 sq.

238 3779 243 3783 .
284 3712 491 3796 Rob.;
540 3713 691 3780 cod.
724 3712 806 3796 T,
854 3716 942 3780 R.
989 3734 1090 3799 pr.
1139 3736 1203 3801 p.
1251 3711 1316 3797 43
1366 3716 1483 3782 Ar.
1519 3717 1697 3798 Lat„
1734 3714 2004 3781 Comm.
2051 3714 2124 3779 in
2159 3716 2274 3782 Ar.
2325 3737 2391 3802 p.
2441 3710 2622 3801 211).

281 3819 480 3885 Idem
529 3830 740 3905 poeta
788 3843 853 3887 v.
904 3817 1034 3885 619
1081 3842 1204 3907 sq.:

608 3928 766 3992 Hoc
813 3926 933 3993 alii
981 3927 1268 4013 signum
1322 3928 1650 3993 Phariam
1698 3928 1935 3993 dixere
1982 3928 2375 4012 iuvencam,
2497 3995 2502 4000 ,

697 4035 897 4119 Quae
942 4035 1070 4100 bos
1118 4058 1206 4126 ex
1251 4035 1538 4102 homine
1586 4045 1709 4118 est,
1758 4058 1846 4101 ex
1890 4035 2075 4102 bove
2120 4036 2308 4102 facta
2355 4036 2507 4104 dea.

500 4144 583 4205 In
634 4143 1322 4227 Metamorphosibus
1369 4145 1428 4221 (Ι
1477 4139 1609 4207 568
1679 4146 1851 4228 sqq.)
1922 4164 2353 4229 quamquam
2402 4144 2631 4230 copio-

279 4249 561 4316 sissime
610 4248 925 4315 narravit
973 4251 1093 4315 Ius
1140 4249 1478 4332 fabulam,
1529 4250 1743 4315 etiam
1792 4249 1877 4315 de
1924 4249 2036 4314 his
2083 4248 2261 4314 nihil
2311 4250 2625 4335 protulit.
