3123 4871
1525 283 1964 352 ..18-

790 501 898 565 De
968 499 1365 586 Ascalapho
1432 509 1621 566 certe
1686 500 2085 566 mirandum
2144 510 2252 566 est
2307 500 2496 586 quod
2554 499 2628 564 in
2689 498 2978 564 Fastis

577 604 755 671 nihil
802 608 1001 671 Naso
1050 605 1434 692 explicavit
1480 606 1602 672 sed
1654 615 1931 673 tantum
1981 606 2163 672 dixit
2209 607 2342 694 (IV
2390 603 2519 671 605
2567 610 2725 692 sq.):

891 711 1192 778 Tartara
1239 712 1473 779 iussus
1523 713 1676 780 adit
1720 713 2022 800 sumptis
2071 713 2422 780 caducifer
2469 713 2599 778 alis

980 819 1264 905 Speque
1309 819 1490 885 redit
1538 819 1748 886 citius
1796 819 2092 906 visaque
2139 829 2329 886 certa
2373 820 2603 886 refert.

788 927 974 990 Nam
1043 926 1312 991 exitum
1380 925 1664 991 fabulae
1727 924 1803 991 in
1869 935 2170 1012 utroque
2234 926 2413 992 libro
2470 925 2724 990 iisdem
2788 927 2963 991 fere

572 1031 807 1097 verbis
878 1031 1304 1115 describens,
1385 1039 1467 1097 ut
1544 1031 2038 1099 demonstrant
2107 1054 2382 1115 versuS,
2464 1054 2639 1119 quos
2711 1053 2958 1119 supra

571 1162 634 1225 p.
681 1134 788 1204 10.
828 1134 950 1220 ’11)
1002 1138 1298 1221 contuli,
1390 1138 1464 1204 in
1526 1139 2217 1226 Metamorphosibus
2285 1139 2519 1205 subito
2578 1138 2756 1205 alias
2825 1161 2955 1204 res

570 1245 837 1331 profert
904 1254 1145 1331 poeta:
1217 1248 1325 1310 De
1384 1243 1731 1339 Mercurio
1802 1246 1887 1311 ad
1961 1246 2223 1312 inferos
2271 1247 2485 1312 misso
2533 1245 2733 1328 nihil,
2809 1247 2948 1311 sed

570 1352 815 1418 statim
849 1361 1171 1418 narratur
1194 1352 1677 1438 Ascalaphum
1716 1352 2175 1439 Proserpinae
2206 1363 2577 1439 peccatum
2611 1352 2951 1418 indican-

580 1467 724 1524 tem
775 1459 862 1525 ab
912 1481 994 1524 ea
1042 1480 1195 1525 esse
1243 1466 1623 1525 mutatum.
1696 1461 1931 1543 Quam
1964 1459 2448 1526 diversitatem
2483 1458 2618 1526 hac
2648 1459 2947 1526 ratione

573 1565 1069 1631 declarandam
1150 1587 1303 1631 esse
1383 1575 1586 1651 puto:
1684 1565 1994 1632 Primum
2075 1567 2342 1633 fontem
2415 1567 2501 1631 de
2577 1568 2944 1632 Mercurio

573 1672 809 1758 egisse
882 1662 1266 1738 verisimile
1337 1683 1470 1756 est,
1540 1673 1730 1759 quod
1794 1674 2021 1739 multo
2086 1672 2502 1758 diligentius
2557 1672 2632 1738 in
2688 1672 2942 1739 Fastis

575 1800 789 1865 quam
837 1779 912 1844 in
957 1777 1647 1866 Metamorphosibus
1694 1790 1906 1866 poeta
1953 1789 2239 1846 secutus
2287 1789 2396 1845 est
2442 1789 2807 1846 auctorem
2860 1790 2939 1846 et

572 1887 760 1971 quod
819 1907 944 1952 cur
990 1885 1061 1950 in
1108 1885 1345 1952 Fastis
1396 1886 1825 1952 Mercurium
1873 1887 2205 1953 nuntium
2255 1886 2540 1952 aliunde
2585 1885 2936 1953 insereret

573 2014 788 2059 causa
837 2015 979 2058 non
1030 1992 1295 2059 aderat.
1402 1991 1542 2059 Sed
1593 1993 1668 2057 in
1719 1993 2412 2079 Metamorphosibus
2462 1993 2931 2077 submutavit,

570 2110 652 2166 ut
680 2098 1055 2186 Ascalaphi
1103 2099 1571 2166 mutationem
1622 2109 1861 2186 posset
1906 2121 2208 2166 narrare.
2307 2102 2469 2184 Qua
2515 2122 2589 2165 re
2637 2100 2929 2167 aliunde

570 2206 843 2272 addidit
884 2206 1196 2272 fabulam
1232 2215 1302 2272 et
1334 2207 1724 2272 secundum
1759 2206 1919 2271 libri
1953 2216 2280 2272 naturam
2308 2206 2636 2273 Mercurii
2670 2207 2924 2274 itinere

572 2313 659 2378 ad
720 2313 979 2378 inferos
1042 2313 1303 2378 omisso
1361 2314 1510 2379 solo
1557 2313 1644 2379 de
1693 2313 2091 2398 Ascalapho
2141 2313 2317 2399 egit,
2384 2322 2467 2379 ut
2513 2313 2801 2379 omnino
2849 2314 2922 2379 in

572 2419 1258 2506 Metamorphosibus
1307 2420 1618 2487 narratio
1666 2420 1753 2487 de
1798 2430 2007 2507 raptu
2057 2429 2130 2486 et
2174 2419 2405 2487 reditu
2458 2420 2913 2508 Proserpinae

577 2538 952 2614 superatur
999 2527 1593 2614 explicationibus
1640 2528 1727 2593 de
1777 2528 2185 2614 corporibus
2235 2528 2549 2594 mutatis,

787 2638 968 2700 Item
1038 2635 1351 2700 fabulam
1419 2635 1507 2700 de
1564 2634 1933 2702 Sirenibus
1997 2635 2071 2702 in
2127 2634 2461 2721 primario
2528 2635 2723 2701 fonte
2779 2657 2915 2701 non

573 2740 795 2807 fuisse
876 2742 1171 2807 relatam
1243 2741 1696 2827 perspicuum
1781 2750 1906 2807 est.
2032 2744 2220 2806 Nam
2293 2740 2414 2806 ubi
2485 2751 2696 2827 poeta
2765 2764 2913 2807 eam

572 2857 858 2931 tractat,
943 2857 1163 2914 totam
1237 2847 1718 2912 narrationem
1773 2846 2247 2933 interrumpit.
2362 2848 2459 2913 At
2512 2846 2716 2913 initio
2770 2870 2915 2913 nar-

574 2954 871 3021 rationis
919 2954 1006 3019 de
1053 2962 1283 3040 raptu,
1332 2952 1451 3019 ubi
1500 2952 1775 3019 occasio
1822 2953 1987 3019 data
2034 2962 2200 3037 erat,
2250 2954 2370 3019 ubi
2427 2953 2717 3020 comites
2767 2958 2915 3020 Pro-

570 3062 895 3148 serpinae
963 3060 1038 3125 in
1112 3059 1804 3146 Metamorphosibus
1874 3060 2145 3146 pauciS,
2212 3059 2288 3125 in
2339 3059 2571 3126 Fastis
2644 3061 2910 3147 copiose

571 3177 1100 3250 enumerantur,
1156 3166 1232 3231 in
1290 3177 1543 3234 neutro
1601 3166 1781 3232 libro
1829 3167 1945 3233 vel
1995 3188 2214 3232 unum
2267 3168 2561 3233 verbum
2611 3167 2698 3233 de
2744 3147 2911 3235 Sire-

576 3273 783 3339 nibus
830 3274 1212 3340 invenitur.
1307 3275 1558 3360 Itaque
1624 3274 1810 3340 hauc
1875 3274 2187 3339 fabulam
2254 3274 2501 3339 eadem
2559 3274 2647 3340 de
2694 3295 2907 3357 causa,

572 3389 654 3445 ut
712 3378 1034 3447 Sirenum
1110 3381 1451 3446 transitus
1522 3381 1596 3445 in
1668 3380 1842 3446 alias
1912 3380 2184 3466 figuras
2255 3380 2606 3466 explicare
2670 3391 2906 3467 posset,

574 3486 914 3552 Ovidium
966 3486 1318 3553 addidisse
1365 3487 1740 3553 manifeste
1788 3497 2102 3573 apparet.

788 3595 1065 3677 Restat,
1121 3603 1203 3660 ut
1259 3594 1604 3678 nonnulla
1660 3593 2000 3659 disseram
2059 3594 2147 3659 de
2192 3592 2615 3679 Triptolemi
2666 3593 2902 3662 fabula.

575 3704 677 3768 Ut
745 3699 883 3765 iam
954 3721 1166 3786 supra
1233 3700 1564 3783 vidimuS,
1636 3709 1844 3786 poeta
1911 3700 1986 3764 in
2048 3699 2737 3786 Metamorphosibus
2797 3721 2903 3765 eos

571 3807 908 3893 sequitur,
958 3809 1078 3892 qui
1127 3807 1508 3873 nonnullas
1557 3817 1810 3892 gentes
1858 3806 2002 3871 iam
2052 3816 2217 3872 ante
2267 3806 2726 3892 Proserpinae
2769 3828 2905 3891 rap-

573 3925 724 3980 tum
797 3912 1305 3999 agriculturam
1378 3913 1664 3979 novisse
1733 3912 2076 3979 dicebant.
2184 3915 2281 3980 At
2339 3914 2413 3978 in
2472 3913 2730 3996 Fastis,
2795 3913 2900 3978 ubi

571 4020 881 4088 narratio
939 4020 1165 4086 multo
1213 4019 1469 4087 melius
1528 4040 1690 4086 cum
1743 4019 2326 4087 antecedentibus
2368 4020 2712 4103 cohaeret,
2769 4018 2901 4084 Tri-

572 4128 964 4213 ptolemum
1014 4126 1322 4213 primum
1369 4126 1696 4193 homines
1743 4125 1927 4193 hanc
1976 4136 2199 4193 artem
2242 4127 2565 4193 docuisse
2594 4125 2899 4211 legimuS.

574 4234 733 4316 Qua
808 4234 894 4300 de
971 4255 1184 4300 causa
1257 4233 1922 4321 Metamorphoseon
2008 4232 2551 4320 explicationem
2640 4242 2898 4319 poetam
