3123 4871
905 1165 1027 1245 De
1098 1165 1460 1246 siderum
1537 1165 1843 1247 fabulis
1916 1165 2373 1247 ovidianis.

993 1336 1097 1426 A(
1142 1365 1239 1428 De
1287 1365 1577 1429 siderum
1624 1366 1867 1429 fabulis
1914 1367 2282 1459 Fastorum.

678 1502 910 1570 Primo
958 1503 1033 1568 in
1082 1502 1313 1589 capite
1360 1525 1503 1570 non
1550 1504 1639 1571 de
1684 1503 2015 1570 omnibus
2061 1504 2345 1587 fabulis,
2394 1524 2571 1590 quas
2618 1503 2835 1570 varia

463 1609 738 1677 ratione
809 1608 1113 1676 Ovidius
1188 1609 1493 1693 rettulit,
1568 1611 1787 1677 verba
1862 1609 2018 1677 feci.
2111 1609 2340 1677 Omisi
2419 1611 2829 1692 nonnullaS,

465 1738 641 1803 quas
700 1737 860 1782 cum
910 1716 997 1781 de
1044 1737 1416 1803 corporum
1463 1716 1538 1782 in
1588 1713 1818 1784 sidera
1864 1716 2382 1784 mutationibus
2431 1726 2686 1803 agant,
2743 1717 2821 1782 in

463 1821 927 1909 sequentibus
975 1823 1380 1890 examinare
1428 1822 1791 1906 constitui,
1848 1823 1970 1890 ubi
2018 1823 2306 1890 omnino
2352 1810 2440 1889 cle
2488 1824 2825 1890 omnibus

463 1928 1004 2012 narrationibuS,
1053 1950 1231 2015 quas
1279 1930 1366 1996 de
1413 1929 1724 1997 siderum
1772 1930 2050 2016 origine
2096 1939 2307 2017 poeta
2339 1931 2649 2016 praebet,
2685 1930 2825 1995 dis-

464 2045 715 2122 putare
760 2035 938 2102 mihi
985 2035 1336 2122 proposui.

679 2160 819 2227 Sed
868 2160 1053 2246 quod
1098 2160 1467 2246 permultis
1499 2160 1674 2227 locis
1706 2163 2067 2227 Nasonem
2102 2183 2261 2227 cum
2297 2161 2386 2227 iis
2419 2159 2817 2227 consentire

466 2266 859 2353 apparebit,
927 2288 1109 2352 quae
1174 2267 1667 2336 Eratosthenis
1736 2267 1857 2355 qui
1922 2278 2268 2335 vocantur
2334 2267 2816 2334 Catasterismi

468 2371 670 2439 nobis
742 2383 1233 2458 servaverunt,
1302 2374 1591 2461 longius
1662 2374 2206 2463 exspatiandum
2278 2396 2431 2441 esse
2500 2384 2674 2461 puto
2743 2374 2814 2440 in

467 2480 879 2548 disserendo
948 2482 1082 2547 hoe
1136 2483 1223 2548 de
1268 2482 1464 2567 libro,
1511 2483 1599 2548 de
1647 2505 1787 2570 quo
1836 2482 1952 2548 alii
2006 2482 2144 2548 alia
2191 2482 2464 2548 ratione
2511 2482 2817 2567 disputa-

469 2597 744 2671 verunt,
785 2597 1161 2676 postquam
1197 2588 1552 2655 Robertus
1583 2590 1743 2655 libri
1778 2590 1923 2656 fata
1956 2590 2092 2656 hoc
2123 2589 2334 2655 modo
2369 2587 2723 2655 enarravit
2740 2592 2816 2669 ¹):

679 2714 1162 2778 Eratosthenes
1211 2714 1463 2778 librum
1510 2714 1813 2799 scripsit,
1875 2737 2003 2799 quo
2051 2719 2119 2778 et
2137 2714 2456 2799 fabulas,
2519 2736 2687 2798 quae
2729 2715 2823 2776 ad

465 2822 692 2884 sidera
703 2821 1082 2906 pertinent,
1105 2842 1192 2885 ex
1205 2820 2010 2905 scriploribuspoetisque
2029 2821 2400 2905 conligeret
2422 2825 2490 2884 et
2504 2819 2816 2905 singulas

465 2930 821 3012 signorum
875 2928 1114 2991 stellas
1161 2932 1596 2991 enumeraret
1640 2979 1651 2991 .
1702 2979 1713 2991 .
1765 2980 1776 2991 .
1836 2927 2114 2991 Titulus
2159 2933 2387 2991 autem
2435 2927 2598 2991 liuic
2648 2926 2813 2990 libro

469 3040 617 3098 erat
664 3031 1046 3122 Κατάλογοι
1085 3085 1098 3099 .
1137 3085 1151 3099 .
1187 3083 1203 3099 .
1245 3036 1487 3098 Postea
1526 3039 1755 3097 autern
1796 3035 2271 3098 Eratosthenis
2320 3043 2484 3119 opus
2532 3034 2609 3097 in
2655 3055 2812 3097 com-

458 3142 795 3225 pendium
845 3146 1280 3213 contractum‚
1321 3142 1680 3227 genuinus
1724 3142 1884 3205 ordo
1915 3141 2177 3205 Arateo
2211 3146 2651 3227 permutatus
2682 3145 2810 3208 est:

534 3298 545 3310 .
595 3298 608 3310 .
658 3247 1153 3312 inscribebatur
1183 3246 1717 3336 Καταστερισμοί
1764 3300 1779 3314 .
1830 3299 1846 3314 .
1899 3300 1913 3313 .
1974 3247 2449 3321 Catasterismi
2464 3246 2811 3332 progredi-

471 3353 739 3416 entibus
791 3354 1083 3418 saeculis
1127 3355 1381 3419 sensim
1431 3356 1687 3418 concisi
1726 3360 1897 3419 sunt
1938 3360 2142 3439 atque
2190 3354 2556 3425 decurtati,
2618 3354 2812 3416 donee

472 3461 549 3522 in
597 3459 791 3532 hane,
844 3483 1043 3545 quam
1091 3483 1211 3525 nos
1260 3466 1593 3533 tenemuS,
1641 3462 2003 3546 Epitomen
2054 3462 2385 3525 contracti
2426 3465 2607 3525 sunt.
2782 3451 2791 3462 ⁶

584 3668 592 3677 .
686 3586 919 3668 Quam
979 3586 1514 3671 sagacissimam
1565 3585 1855 3651 Roberti
1915 3585 2318 3672 opinionem
2368 3585 2816 3667 vehementer¹

475 3712 860 3778 aggressus
895 3701 1002 3757 est
1032 3692 1379 3761 Ernestus
1409 3694 1647 3757 Maass
1679 3691 1754 3756 in
1788 3713 2012 3778 opere,
2047 3693 2234 3779 quod
2268 3702 2376 3758 est
2405 3690 2809 3777 inscriptum

473 3800 817 3865 Analecta
865 3797 1497 3886 Eratostheniea,2)
1546 3798 1670 3865 ubi
1718 3786 1890 3864 dicit
1937 3802 2024 3885 (p.
2078 3796 2264 3885 139):

692 4014 743 4100 1)
801 4018 1053 4076 Carolus
1099 4020 1346 4085 Robert‚
1415 4018 1828 4075 Eratosthenis
1895 4017 2462 4118 Catasterismorum
2532 4016 2810 4090 reliquiae

470 4106 758 4184 (Berolini
797 4106 1010 4182 1878).
1057 4127 1116 4182 ρ.
1142 4107 1273 4167 34
1297 4126 1385 4182 sq.

690 4196 742 4275 ²)
788 4198 1074 4272 Philolog.
1124 4197 1480 4254 Untersuch.
1527 4196 1612 4252 VI
1667 4195 1851 4256 1883.
