3123 4871
1453 281 1895 348 *34-

511 498 854 586 Λέονιυς),
901 499 1123 567 codex
1154 498 1220 564 T
1262 501 1376 580 (R.
1424 520 1525 584 pr.
1576 519 1641 584 p.
1684 496 1770 580 1),
1817 498 2079 564 Aratus
2107 497 2406 567 Latinus
2439 496 2731 579 (Comm.
2782 497 2876 561 in

511 607 626 671 Ar.
662 627 728 691 p.
763 602 951 685 193):
1003 615 1074 672 et
1119 604 1307 692 quod
1353 603 1569 671 huius
1616 604 1898 670 fabulae
1945 604 2203 669 formas
2237 625 2375 668 non
2412 602 2877 668 enumeravit

513 718 638 778 sed
685 712 1216 794 contaminavit,
1278 713 1359 778 ut
1415 733 1630 797 supra
1685 710 2022 794 vidimus,
2078 720 2149 777 et
2199 711 2385 796 quod
2434 731 2577 775 non
2627 708 2873 796 ipsam
2920 736 2927 743 ·

510 819 902 902 Ariadnen,
988 819 1112 885 sed
1190 818 1341 885 eius
1420 839 1751 884 coronam
1829 827 2107 885 tantum
2180 817 2362 885 inter
2438 827 2628 884 astra
2704 837 2874 882 esse

511 926 971 993 constitutam
1018 925 1336 993 narravit
1381 925 1455 990 in
1503 935 1804 1011 utroque
1838 946 2049 1010 opere
2092 923 2307 1010 (Fast.
2344 926 2450 988 III
2486 920 2616 988 459
2640 945 2746 1008 sq.
2777 960 2875 971 —

511 1036 680 1100 Met.
718 1035 892 1100 VIII
941 1029 1072 1097 175
1118 1033 1271 1118 sq.).

727 1156 961 1225 Etiam
1010 1157 1107 1222 de
1156 1167 1503 1239 cratere,
1553 1178 1678 1222 cur
1722 1156 1795 1222 in
1832 1156 2109 1222 stellam
2143 1157 2237 1222 sit
2269 1164 2606 1236 mutatuS,
2639 1155 2872 1221 verba

508 1264 772 1329 faciens
840 1273 1075 1350 poeta,
1144 1285 1578 1349 quamquam
1652 1263 1898 1330 eadem
1957 1273 2221 1345 narrat,
2292 1283 2471 1349 quae
2519 1283 2608 1327 ex
2657 1262 2873 1327 Cata-

508 1369 851 1439 sterismis
911 1369 1354 1436 tradiderunt
1400 1391 1654 1436 omnes
1697 1369 2121 1455 expilatores
2169 1369 2388 1455 (Epit.
2438 1391 2491 1434 c.
2543 1370 2742 1450 XLI,
2790 1389 2869 1454 p.

510 1473 639 1541 188
687 1499 788 1563 sq.
840 1476 1039 1558 Rob.;
1090 1477 1240 1543 cod.
1274 1475 1356 1559 T,
1405 1479 1488 1542 R.
1535 1498 1634 1562 pr.
1675 1498 1737 1562 p.
1786 1473 1904 1561 15;
1952 1477 2070 1545 Ar.
2102 1479 2280 1560 Lat„
2316 1478 2579 1543 Comm.
2626 1474 2701 1540 in
2737 1476 2867 1542 Ar.

506 1606 573 1669 p.
623 1579 809 1666 267),
860 1592 1097 1648 tamen
1148 1583 1436 1650 alterius
1487 1584 1768 1649 fabulae
1811 1583 2249 1649 mentionem
2298 1582 2591 1665 omittit,
2639 1603 2867 1668 quarn

507 1713 595 1756 ex
646 1689 1167 1756 Catasterismis
1217 1690 1485 1776 cepisse
1536 1690 1914 1775 Hyginum
1966 1691 2321 1756 Robertus
2370 1688 2734 1757 contendit
2780 1690 2864 1774 (l.
2979 1677 2986 1685 ”

506 1819 562 1861 e.
612 1820 679 1883 p.
730 1794 818 1878 4).
917 1795 1056 1863 Sed
1108 1795 1434 1882 equidem
1485 1797 1692 1862 valde
1739 1796 2013 1880 dubito,
2080 1818 2253 1862 num
2303 1795 2864 1866 Eratosthenem

506 1904 642 1969 hoc
711 1904 865 1969 loco
937 1912 1223 1969 secutus
1293 1903 1386 1969 sit
1458 1902 1826 1987 Hyginus,
1896 1903 2048 1995 qui⁸
2087 1903 2257 1969 dicit
2323 1904 2509 1969 Astr.
2575 1904 2673 1986 11,
2742 1899 2865 1968 40:

507 2012 872 2074 ⁴Volat-nulli
938 2034 1086 2074 cusu
1152 2012 1601 2074 Eratosthene·
1666 2034 1816 2073 cnm
1875 2017 2134 2074 cratera
2192 2034 2356 2095 csse,
2427 2034 2553 2096 quo
2619 2012 2865 2073 Icarus

502 2118 603 2180 sit
645 2141 829 2188 usus,
882 2140 1030 2180 cum
1080 2117 1469 2180 hominibus
1514 2119 1895 2181 estcndrrc't
1936 2118 2194 2181 vitnau.
2370 2116 2376 2120 ’

720 2244 908 2306 Nam
937 2241 1114 2307 Icari
1142 2240 1441 2325 fabulae,
1480 2262 1693 2328 quam
1720 2243 1931 2307 refert
1950 2241 2292 2325 HyginuS,
2329 2262 2675 2328 quaenam
2699 2264 2861 2328 par-

509 2357 615 2414 tes
641 2370 729 2413 ex
751 2348 1222 2416 Eratosthene
1247 2348 1389 2414 sint
1415 2348 1731 2433 haustae,
1757 2348 2022 2435 optime
2048 2349 2378 2435 exposuit
2397 2347 2859 2426 Maassius.¹⁸)

508 2455 802 2521 Addidit
872 2456 979 2522 vir
1046 2456 1496 2522 doctissimus
1545 2456 1720 2522 alios
1770 2467 2010 2539 testeS,
2080 2456 2201 2543 qui
2249 2456 2602 2542 integram
2650 2456 2859 2522 nobis

506 2562 692 2629 hanc
755 2562 1229 2628 narrationem
1277 2575 1757 2630 servaverunt.
1854 2563 1995 2646 Qui
2042 2585 2289 2628 omnes
2338 2564 2525 2648 quod
2576 2584 2663 2628 ne
2709 2584 2859 2629 uno

508 2670 792 2757 quidem
852 2669 1065 2735 verbo
1114 2681 1672 2736 commemorant
1719 2691 1948 2755 neque
1995 2671 2081 2735 de
2131 2680 2422 2752 cratere,
2493 2691 2632 2756 quo
2679 2691 2859 2736 usus

507 2780 749 2844 Icarus
809 2776 1219 2842 hominibus
1285 2776 1533 2843 vinum
1601 2777 1897 2860 dederit,
1969 2799 2197 2863 neque
2246 2763 2584 2843 craterem
2633 2801 2672 2843 a
2719 2775 2858 2842 deo

505 2885 578 2950 in
630 2884 907 2950 stellam
956 2906 1108 2951 esse
1155 2894 1539 2967 mutatum,
1598 2884 1749 2949 sine
1797 2883 2012 2949 dubio
2061 2884 2327 2970 aliquid
2378 2884 2594 2950 habet
2639 2884 2859 2949 offen-

506 2991 744 3058 sionis,
837 2991 1144 3080 Accedit,
1193 2991 1379 3076 quod
1431 2992 1582 3076 ipse
1626 2990 1966 3075 Hyginus
2014 2991 2135 3057 ubi
2187 2991 2494 3077 explicat
2540 2991 2855 3056 fabulam

507 3093 991 3183 copiosissime
1035 3098 1248 3184 (Astr.
1322 3100 1391 3162 II
1464 3095 1557 3184 4),
1628 3095 1807 3162 nihil
1874 3109 2383 3163 commemorat
2429 3098 2516 3163 de
2565 3107 2853 3164 cratere.

511 3203 1003 3290 Compluribus
1076 3203 1362 3290 quidem
1427 3205 1588 3270 libri
1661 3204 1832 3270 locis
1880 3205 2262 3271 nonnullas
2309 3204 2523 3270 huius
2571 3205 2856 3270 fabulae

507 3319 741 3394 partes
788 3311 1073 3397 repetit,
1121 3313 1193 3375 II
1242 3307 1328 3376 25
1375 3312 1462 3377 de
1513 3312 1826 3398 virgine:
1895 3313 2259 3376 Nonnulli
2302 3335 2446 3376 cam
2479 3313 2852 3396 lingonen,

419 3428 423 3432 ’
512 3417 698 3479 Icari
739 3419 979 3501 filiam
1052 3420 1415 3486 dixrrmlt.
1491 3421 1573 3482 dc
1643 3442 1775 3504 qna
1838 3429 2046 3506 supra
2114 3420 2461 3488 diximus:
2511 3421 2582 3483 11
2632 3415 2718 3484 35
2766 3419 2855 3484 de

509 3543 705 3588 cane:
753 3525 819 3585 A
834 3526 924 3587 lt't'
979 3532 1204 3589 autem
1264 3527 1453 3589 Icari
1498 3548 1727 3589 canem
1778 3550 1914 3590 esse
1962 3528 2326 3598 dixerunt,
2394 3528 2475 3588 d(-
2522 3549 2649 3612 quo
2693 3532 2856 3589 ante*

511 3630 835 3695 dz'xt'mm.
931 3624 1132 3714 Quae
1202 3631 1439 3698 omnia
1511 3633 1965 3699 consentiunt
2035 3654 2197 3698 cum
2263 3632 2376 3715 iis,
2433 3654 2629 3718 >quae
2690 3634 2762 3697 11
2813 3628 2855 3695 4

508 3736 850 3819 narravit,
920 3737 1040 3802 sed
1108 3739 1195 3804 de
1265 3748 1531 3804 cratere
1599 3736 1776 3803 nihil
1826 3749 2055 3805 antea.

725 3863 975 3946 Itaque
1032 3884 1192 3927 cum
1252 3862 1339 3928 de
1396 3871 1664 3928 cratere
1721 3864 1939 3929 verba
1986 3886 2147 3931 eum
2197 3887 2283 3930 ex
2337 3857 2853 3931 Catasterismis

511 3968 911 4054 sumpsisse,
952 3977 1032 4033 ut
1055 3990 1183 4053 pro
1210 3980 1399 4035 certo
1424 3969 1746 4053 habeam,
1784 3992 1825 4035 a
1851 3992 1964 4036 me
1998 3971 2376 4057 impetrare
2402 3993 2541 4036 non
2569 3971 2852 4057 possim,

732 4220 811 4305 ¹8)
858 4225 1027 4280 Anal.
1074 4223 1370 4287 Eratosth.
1421 4246 1481 4301 p.
1532 4225 1616 4287 60
1665 4244 1794 4302 sqq·
