3123 4871
1202 282 1644 353 „29-

228 519 464 585 quam
537 499 612 565 in
678 499 1197 567 Catasterismis
1265 501 1632 586 leguntur,
1701 501 1775 567 in
1837 501 2061 588 ipsius
2109 500 2605 570 Eratosthenis

231 626 465 692 opere
513 628 655 672 non
691 605 1051 674 exstitisse
1090 606 1557 673 demonstrari
1590 616 1845 695 potest.
1941 607 2217 692 Quibus
2248 607 2608 674 examina-

230 712 339 778 tis
392 713 621 779 multo
668 712 930 780 certius
975 712 1349 780 decernere
1394 714 1801 801 poterimus,
1843 725 2083 781 utrum
2114 714 2476 801 integrum
2509 734 2601 780 an

225 819 710 886 immutatum
756 819 1019 887 librum
1066 819 1370 887 Ovidius
1419 820 1837 888 adhibuerit.

467 943 842 1031 Perpaucis
901 943 1248 1010 Rehmius
1309 944 1538 1031 prima
1594 945 1683 1011 de
1739 946 2156 1032 quaestione
2210 945 2605 1032 disputavit

228 1052 347 1130 (R.
389 1049 552 1116 diss.
599 1071 666 1137 p.
706 1046 839 1137 24).
931 1050 1174 1118 Ovidii
1228 1051 1668 1119 narrationes
1717 1051 2089 1119 cohaerere
2148 1073 2307 1119 cum
2357 1051 2606 1122 Erato·

229 1156 522 1223 sthenis
547 1157 689 1223 iam
716 1157 1109 1225 Robertum
1147 1158 1737 1225 animadvertisse
1761 1169 2267 1226 commemorat
2292 1167 2365 1224 et
2387 1156 2603 1224 adicit

231 1264 590 1330 nonnulla
659 1273 916 1351 poetae
984 1264 1219 1348 verba,
1289 1264 1547 1351 quibus
1619 1263 1966 1331 similibus
2041 1275 2211 1333 sunt
2278 1265 2410 1349 usi,
2480 1264 2600 1352 qui

231 1369 744 1438 Eratosthenis
790 1370 1047 1437 librum
1098 1372 1647 1458 exscripserunt:

237 1513 471 1579 Fast.
516 1514 587 1578 11
628 1508 791 1579 181:
872 1515 1057 1581 Ursa
1107 1536 1231 1601 per
1271 1514 1373 1579 in·
1481 1513 1715 1582 Schol.
1745 1516 1903 1581 Bas.
1938 1536 2001 1601 p.
2034 1510 2120 1579 52
2156 1513 2364 1582 Rob.:
2401 1515 2604 1597 Quae

332 1620 566 1686 cultos
666 1620 946 1688 errabat
1045 1620 1370 1708 squalida
1570 1621 1741 1687 dum
1815 1620 1889 1687 in
1960 1620 2322 1688 montibus
2388 1641 2608 1707 vaga·

329 1738 632 1794 monteS.
1571 1738 1781 1795 retur.

236 1887 309 1951 II
350 1881 486 1950 170
508 1909 637 1975 sq.:
686 1889 889 1971 Quae
915 1897 1187 1976 septem
1212 1888 1369 1972 dici,
1481 1888 1671 1976 Epit.
1703 1910 1766 1975 p.
1790 1885 1924 1953 134
1958 1888 2167 1955 Rob.:
2222 1878 2356 1972 Οὐχ
2406 1877 2607 1976 ὁρῶν-

330 2015 460 2059 sex
550 2007 787 2061 tamen
876 2016 1032 2062 esse
1118 1995 1368 2078 solent,
1568 2022 1675 2062 ται
1709 1994 1782 2063 δὲ
1814 1992 1881 2062 αἱ
1917 1991 2115 2076 ἑπτά,
2154 1984 2370 2061 ἇλλάἶ
2405 1994 2478 2075 ἕξ
2499 2046 2514 2061 .
2542 2046 2558 2063 .
2588 2046 2603 2062 .

328 2101 478 2169 Seu
499 2102 685 2188 quod
711 2102 786 2168 in
810 2103 1216 2189 amplexum
1243 2123 1370 2169 sex
1567 2098 1691 2183 τὰς
1746 2102 1869 2188 μὲν
1915 2097 2037 2192 γὰρ
2082 2101 2154 2181 ἕξ
2194 2125 2364 2194 φασι
2410 2106 2607 2179 θεοῖς

270 2228 276 2235 ·
329 2207 505 2291 hinc
550 2230 808 2276 venere
854 2209 1145 2276 deorum
1195 2220 1322 2277 etc.
1566 2194 1834 2300 μιγῆναι
1881 2210 2018 2275 κτλ..

236 2369 305 2435 V
363 2365 525 2435 536:
623 2369 932 2437 Perdidit
993 2369 1365 2459 antiquum
1480 2372 1673 2457 Hyg.
1718 2369 1903 2437 Astr.
1944 2390 2011 2457 p.
2045 2366 2175 2434 167
2210 2369 2418 2435 Rob.:
2465 2367 2606 2435 Sed

331 2476 571 2543 littera
617 2476 843 2564 prima
891 2499 1168 2547 sonum.
1568 2486 1928 2544 vetustate
1976 2487 2047 2543 et
2094 2476 2606 2543 consuetudine

1567 2585 1831 2651 factum
1868 2594 1995 2667 est,
2039 2592 2119 2649 ut
2151 2581 2371 2649 Orion
2405 2603 2610 2649 voca-

1567 2700 1782 2759 retur.

241 2847 343 2913 VI
400 2846 560 2915 736:
653 2851 750 2921 Et
806 2852 1130 2938 geminas
1182 2874 1368 2919 nexo
1479 2852 1673 2939 Epit.
1727 2872 1793 2937 p.
1851 2846 1937 2916 68
1993 2850 2203 2917 Rob.:
2264 2838 2484 2934 ’Έχων
2538 2848 2610 2913 ἐν

330 2956 634 3044 porrigit
755 2980 994 3044 angue
1117 2981 1369 3027 manus
1570 2948 1978 3048 ἄμφὀτέραις
2018 2956 2239 3045 χερσὶν
2286 2945 2460 3046 ὅφιν.

329 3064 452 3151 (sc.
501 3085 591 3130 an
598 3064 1025 3152 guitenens).
2497 3076 2502 3081 ·

461 3207 622 3291 Quo
693 3218 837 3275 tam
902 3208 1045 3278 levi
1108 3208 1486 3276 verborum
1544 3227 1894 3296 consensu
1954 3227 2114 3271 cum
2163 3203 2336 3272 nihil
2389 3225 2598 3291 posse

244 3311 711 3381 demonstrari
746 3326 1037 3383 moneat
1058 3313 1418 3391 Thieleus.
1452 3314 1591 3381 alia
1622 3312 1938 3380 subsidia
1973 3309 2606 3398 circumspicienda

245 3431 433 3489 sunt.
534 3421 1085 3489 Accuratissime
1154 3420 1677 3510 contemplatus
1742 3418 1987 3487 Ovidii
2055 3427 2127 3485 et
2192 3416 2604 3488 Catasteris-

243 3548 521 3595 morum
553 3529 995 3596 narrationes
1028 3527 1440 3614 saepissime
1473 3530 1858 3610 Nasonem,
1886 3524 2027 3597 'ubi
2063 3524 2603 3592 Catasterismos

247 3638 644 3724 complures
694 3636 1015 3703 eiusdem
1065 3635 1346 3701 fabulae
1378 3636 1640 3701 formas
1675 3632 2045 3700 tradidisse
2077 3631 2442 3717 probabile
2477 3640 2604 3711 est,

244 3739 369 3809 has
421 3745 1054 3811 aut'enumerasse
1102 3752 1229 3810 aut
1274 3742 1800 3820 contaminasse,
1844 3738 2313 3806 animadverti
2360 3738 2475 3820 ita,
2523 3745 2605 3802 ut

245 3847 311 3913 id
361 3872 532 3917 casu
582 3850 926 3917 accidisse
975 3850 1162 3916 credi
1210 3872 1352 3915 non
1402 3848 1645 3936 possit.

460 3961 580 4025 De
629 3980 822 4025 ursa
869 3956 1185 4023 maiore
1233 3955 1764 4036 EratostheneS,
1816 3964 1897 4021 ut
1944 3952 2330 4020 ostendunt
2363 3949 2616 4036 Epito-

249 4084 355 4130 me
374 4088 427 4133 c.
446 4069 501 4148 1,
526 4065 910 4131 scholiasta
926 4066 1247 4147 ArateuS,
1265 4061 1673 4130 Germanici
1703 4062 2141 4151 interpreteS,
2161 4057 2607 4144 Hyginus¹⁵),

261 4190 320 4199 Q

464 4248 549 4332 ¹⁵)
602 4248 802 4307 Locos
859 4246 1129 4304 invenies
1187 4247 1441 4304 collatos
1496 4246 1557 4302 in
1613 4220 1869 4302 Roberti
1927 4242 2210 4300 editionis
2274 4260 2335 4315 p.
2384 4239 2469 4299 50
2518 4230 2608 4314 sq.
