3123 4871
1250 346 1671 444 .—7—

514 594 1049 661 Krassowskius
1110 604 1348 683 autem
1408 594 1495 659 de
1550 592 1808 679 fabulis
1856 614 2094 678 agens,
2152 613 2349 678 quae,
2406 613 2647 678 quam-

294 724 511 788 quam
583 702 671 767 ab
730 700 990 768 Ovidio
1053 700 1192 767 alio
1254 702 1411 766 loco
1474 700 1677 766 aliter
1737 708 2181 780 enarrentur,
2252 709 2489 764 tamen
2554 699 2643 765 ad

298 808 601 875 eundem
648 809 914 874 fontem
963 807 1239 893 possint
1270 806 1527 889 reduci,
1576 807 1993 871 luculentum
2027 807 2407 891 exemplum
2452 826 2647 892 prae-

300 915 463 980 bere
521 914 796 981 obtinet
850 914 1183 996 fabulam,
1254 929 1434 1000 qua‘e
1491 913 1578 978 ad
1647 922 1930 998 raptum
1991 922 2062 978 et
2121 911 2424 978 reditum
2489 914 2647 977 Pro-

300 1021 623 1107 serpinae
666 1020 1039 1109 pertineat.
1135 1020 1343 1104 Quod
1394 1019 1482 1084 ad
1531 1019 2159 1085 demonstrandum
2208 1017 2382 1085 satis
2428 1018 2646 1085 habet

302 1129 671 1210 destinare,
742 1126 998 1213 quibus
1067 1127 1279 1193 rebus
1347 1126 1532 1192 inter
1603 1148 1677 1192 se
1748 1125 2149 1211 discrepent
2205 1124 2643 1192 narrationes

299 1234 557 1318 Ovidii,
617 1243 832 1319 atque
879 1234 1259 1316 declarare,
1332 1254 1471 1319 qua
1531 1232 1618 1297 de
1675 1254 1888 1298 causa
1936 1232 2146 1296 modo
2204 1233 2389 1297 hanc
2435 1231 2644 1296 modo

297 1341 491 1406 illam
562 1339 843 1406 fabulae
899 1341 1198 1415 formam
1257 1338 1659 1405 adhibuerit
1715 1349 1945 1425 poeta.
2064 1338 2341 1421 Quibus
2400 1338 2645 1424 paucis

299 1447 637 1533 expositis
692 1445 793 1512 ita
849 1457 1113 1513 censet:
1195 1447 1347 1529 Qua
1393 1446 1474 1510 de
1519 1468 1720 1510 causa
1765 1445 1944 1509 nihil
1981 1467 2102 1509 nos
2147 1445 2434 1529 impedit,
2493 1466 2645 1529 quo-

304 1554 533 1617 minus
586 1576 805 1618 unum
861 1559 1127 1643 tantum
1157 1555 1428 1640 fontem
1483 1553 1565 1616 ab
1623 1553 1855 1617 Ovidio
1907 1551 2274 1616 adhibitum
2324 1572 2459 1615 esse
2505 1573 2649 1615 cen-

295 1682 592 1733 seamm,
664 1666 746 1725 ut
811 1661 998 1725 modo
1053 1660 1125 1723 in
1182 1659 1827 1745 Metamorphosz'bus
1883 1658 2071 1722 modo
2127 1658 2200 1721 in
2256 1658 2506 1731 Fastzlv,
2539 1657 2648 1725 hic
2695 1666 2696 1671 ’

293 1767 559 1852 alz’qw'd
619 1768 963 1840 omitteret,
1022 1766 1157 1831 illic
1214 1771 1550 1839 insereret,
1608 1766 1784 1831 sicut
1837 1770 2084 1829 natura
2140 1769 2340 1850 atque
2395 1764 2648 1827 indoles

296 1873 649 1958 utriusque
695 1874 852 1945 libri
875 1878 1194 1959 posceret.
1269 1874 1487 1961 *Quae
1534 1872 1859 1938 sufficere
1891 1871 2068 1937 mihi
2104 1892 2247 1937 non
2281 1870 2641 1952 videntur3

296 2001 463 2045 nam
520 1979 580 2044 si
635 1980 878 2046 scribit
927 1962 1464 2049 Krassowskius
1512 1988 1795 2066 poetam
1846 1977 1962 2043 hic
2010 1977 2276 2064 aliquid
2326 1976 2644 2043 omisisse

300 2086 444 2151 illic
469 2085 866 2168 inseruisse,
891 2085 1268 2172 praecipue
1289 2086 1377 2151 ad
1398 2085 2048 2167 demonstrandum,
2074 2086 2351 2171 qualem
2378 2085 2642 2150 fontem

300 2202 586 2260 secutus
634 2192 726 2259 sit
774 2191 1095 2276 Ovidius,
1155 2192 1706 2279 perquirendum
1755 2202 1876 2273 est,
1937 2191 2275 2280 quidnam
2324 2190 2646 2257 omisisse

296 2309 369 2365 et
428 2299 766 2385 quidnam
832 2298 1212 2365 inseruisse
1267 2299 1594 2364 videatur
1651 2308 1880 2384 poeta.
1999 2301 2185 2363 Nam
2256 2298 2452 2364 nulla
2509 2297 2644 2363 nisi

296 2406 431 2472 hac
476 2406 749 2473 ratione
796 2415 1035 2474 utrum
1082 2427 1157 2473 re
1205 2426 1372 2473 vera
1419 2415 1629 2492 poeta
1677 2428 1895 2470 unum
1942 2410 2208 2470 tantum
2230 2406 2505 2491 fontem
2551 2404 2644 2470 sit

297 2522 582 2579 secutus
629 2534 852 2579 necne
898 2514 1272 2579 decernere
1319 2534 1448 2578 nos
1495 2534 1702 2599 posse
1751 2534 2022 2579 censeo.

514 2619 826 2685 Primum
903 2620 1152 2706 igitur,
1232 2618 1654 2705 quibusnam
1745 2619 2195 2685 consentiant
2278 2618 2645 2704 utriusque

295 2724 457 2790 libri
506 2726 941 2812 narrationes
990 2726 1536 2813 contemplabor.
1617 2791 1621 2795 .

514 2832 612 2900 Et
658 2832 731 2897 in
783 2832 1013 2898 Fastis
1074 2842 1146 2899 et
1190 2833 1265 2897 in
1312 2832 2007 2919 Metamorphosibus
2054 2832 2229 2898 haec
2275 2833 2642 2917 leguntur:

517 2940 1005 3025 Proserpinam
1077 2940 1269 3026 apud
1339 2941 1676 3005 Hennam
1758 2961 1917 3010 cum
1989 2938 2365 3004 comitibus
2436 2938 2643 3003 flores

295 3045 655 3130 legentem
684 3069 725 3111 a
754 3047 1051 3114 Plutone
1085 3067 1291 3112 curru
1325 3068 1477 3113 esse
1510 3055 1805 3132 raptam.
1858 3045 2071 3126 (Fast.
2100 3048 2204 3113 IV
2228 3040 2359 3109 420
2383 3066 2530 3131 sqq.
2559 3083 2642 3092 —

301 3153 468 3217 Met.
505 3153 569 3218 V
601 3148 732 3215 385
765 3155 956 3238 sqq.).

512 3257 834 3325 Cererem
903 3268 1051 3326 toto
1116 3259 1189 3324 in
1254 3259 1420 3325 orbe
1487 3269 1829 3324 terrarum
1898 3258 2332 3345 quaesivisse
2391 3258 2641 3341 filiam3

297 3386 510 3452 quam
571 3374 651 3431 ut
698 3376 769 3433 et
815 3375 1028 3432 noctu
1079 3375 1320 3452 posset
1366 3364 1713 3449 invenire,
1772 3365 1860 3430 ab
1909 3367 2140 3432 Aetna
2187 3366 2644 3433 flammiferas

294 3471 692 3537 incendisse
747 3473 981 3559 pinus,
1060 3473 1280 3560 (Fast.
1312 3475 1416 3540 IV
1455 3469 1586 3537 491
1629 3495 1779 3560 sqq.
1825 3512 1906 3521 —
1960 3472 2123 3541 Met.
2164 3476 2228 3541 V
2267 3470 2400 3538 438
2441 3474 2642 3560 sqq.).

512 3577 832 3645 Cererem
875 3579 1176 3666 raptoris
1221 3601 1482 3645 nomen
1518 3592 1885 3671 expertam
1920 3601 2080 3645 cum
2116 3580 2285 3647 Iove
2319 3591 2638 3666 questam

295 3707 475 3767 esse;
546 3706 757 3772 quem
828 3698 910 3752 ut
977 3696 1324 3773 repeteret
1392 3687 1667 3752 caelum
1742 3686 2156 3773 Proserpina
2225 3688 2643 3775 imperasse;

295 3791 418 3857 sed
476 3812 636 3858 cum
694 3792 837 3859 iam
894 3793 1082 3878 apud
1138 3793 1399 3858 inferos
1456 3793 1649 3859 cibos
1706 3794 1857 3859 filia
1918 3794 2307 3880 attigisset,
2383 3804 2464 3861 ut
2519 3815 2644 3859 sex

297 3919 578 3963 menses
627 3898 817 3983 apud
850 3920 1154 3986 ‚superos
1189 3899 1626 3986 totidemque
1673 3901 1861 3987 apud
1894 3899 2157 3968 inferos
2188 3901 2463 3968 viveret
2493 3921 2644 3966 esse

293 4003 775 4071 diiudicatum.
847 4005 936 4093 (F
940 4015 1069 4073 ast.
1099 4008 1201 4073 IV
1233 4003 1364 4071 587
1396 4029 1544 4093 sqq.
1598 4046 1678 4053 -
1730 4009 1898 4075 Met.
1928 4010 1991 4075 V
2024 4004 2153 4074 509
2186 4007 2388 4094 sqq.).

510 4113 592 4176 In
662 4112 909 4197 primis
980 4112 1291 4178 notabile
1362 4123 1471 4179 est
1539 4135 1784 4179 omnes
1855 4114 1984 4180 has
2043 4115 2325 4180 fabulae
2387 4123 2642 4199 parteS,

294 4217 551 4304 quibus
619 4219 972 4286 consentit
1026 4229 1327 4305 utraque
1384 4220 1722 4303 narrati0,
1801 4221 2154 4307 pertinere
2214 4220 2303 4306 ad
2359 4230 2639 4306 raptum

296 4334 368 4390 et
415 4324 722 4391 reditum
767 4325 1001 4411 ipsum
1057 4325 1527 4412 Proserpinae,
1584 4349 1725 4393 non
1774 4328 1861 4392 ad
1909 4308 2067 4392 illas
2114 4326 2406 4409 fabulaS,
2463 4347 2642 4412 quae
