<?xml version="1.0" encoding="UTF-8"?>
<!DOCTYPE html PUBLIC "-//W3C//DTD XHTML 1.0 Transitional//EN"
    "http://www.w3.org/TR/xhtml1/DTD/xhtml1-transitional.dtd">
<html xmlns="http://www.w3.org/1999/xhtml" xml:lang="en" lang="en">
 <head>
  <title>
</title>
<meta http-equiv="Content-Type" content="text/html;charset=utf-8" />
  <meta name='ocr-system' content='tesseract 3.04.00' />
  <meta name='ocr-capabilities' content='ocr_page ocr_carea ocr_par ocr_line ocrx_word'/>
</head>
<body>
  <div class='ocr_page' id='page_1' title='image "./quaestionumovid00presgoog_0055.png"; bbox 0 0 3123 4871; ppageno 0'>
   <div class='ocr_carea' id='block_1_1' title="bbox 1238 289 1679 357">
    <p class='ocr_par' dir='ltr' id='par_1_1' title="bbox 1238 289 1679 357">
     <span class='ocr_line' id='line_1_1' title="bbox 1238 289 1679 357; baseline 0.002 -16"><span class='ocrx_word' id='word_1_1' title='bbox 1238 289 1679 357; x_wconf 63' lang='lat'>„49-</span> 
     </span>
    </p>
   </div>
   <div class='ocr_carea' id='block_1_2' title="bbox 281 504 2710 3481">
    <p class='ocr_par' dir='ltr' id='par_1_2' title="bbox 286 504 2630 1020">
     <span class='ocr_line' id='line_1_2' title="bbox 288 504 2630 595; baseline 0.002 -25"><span class='ocrx_word' id='word_1_2' title='bbox 288 504 727 572; x_wconf 85' lang='lat' dir='ltr'>tradiderunt</span> <span class='ocrx_word' id='word_1_3' title='bbox 793 506 1149 593; x_wconf 91' lang='lat' dir='ltr'>Epitome,</span> <span class='ocrx_word' id='word_1_4' title='bbox 1220 505 1489 572; x_wconf 90' lang='lat' dir='ltr'>scholia</span> <span class='ocrx_word' id='word_1_5' title='bbox 1539 505 1971 573; x_wconf 88' lang='lat' dir='ltr'>Basileensia</span> <span class='ocrx_word' id='word_1_6' title='bbox 2042 507 2263 595; x_wconf 85' lang='lat' dir='ltr'>(Epit.</span> <span class='ocrx_word' id='word_1_7' title='bbox 2324 530 2379 573; x_wconf 93' lang='lat' dir='ltr'>c.</span> <span class='ocrx_word' id='word_1_8' title='bbox 2440 512 2630 593; x_wconf 91' lang='lat' dir='ltr'>XLI,</span> 
     </span>
     <span class='ocr_line' id='line_1_3' title="bbox 286 607 2629 700; baseline 0.001 -22"><span class='ocrx_word' id='word_1_9' title='bbox 286 633 349 698; x_wconf 90' lang='lat' dir='ltr'>p.</span> <span class='ocrx_word' id='word_1_10' title='bbox 397 607 528 676; x_wconf 87' lang='grc'>188</span> <span class='ocrx_word' id='word_1_11' title='bbox 575 633 676 697; x_wconf 88' lang='lat' dir='ltr'>sq.</span> <span class='ocrx_word' id='word_1_12' title='bbox 727 612 965 698; x_wconf 88' lang='lat' dir='ltr'>Rob.),</span> <span class='ocrx_word' id='word_1_13' title='bbox 1022 613 1244 678; x_wconf 87' lang='lat' dir='ltr'>codex</span> <span class='ocrx_word' id='word_1_14' title='bbox 1291 611 1356 677; x_wconf 91' lang='lat' dir='ltr'>T</span> <span class='ocrx_word' id='word_1_15' title='bbox 1403 615 1516 696; x_wconf 85' lang='lat' dir='ltr'>(R.</span> <span class='ocrx_word' id='word_1_16' title='bbox 1566 635 1668 699; x_wconf 91' lang='lat' dir='ltr'>pr.</span> <span class='ocrx_word' id='word_1_17' title='bbox 1717 635 1798 700; x_wconf 90' lang='lat' dir='ltr'>p..</span> <span class='ocrx_word' id='word_1_18' title='bbox 1836 610 1969 694; x_wconf 76' lang='lat'>15),</span> <span class='ocrx_word' id='word_1_19' title='bbox 2016 615 2276 680; x_wconf 86' lang='lat' dir='ltr'><strong>Aratus</strong></span> <span class='ocrx_word' id='word_1_20' title='bbox 2326 615 2629 685; x_wconf 89' lang='lat' dir='ltr'>Latinus</span> 
     </span>
     <span class='ocr_line' id='line_1_4' title="bbox 287 715 2630 807; baseline 0.002 -23"><span class='ocrx_word' id='word_1_21' title='bbox 287 717 575 798; x_wconf 83' lang='lat' dir='ltr'>(Comm.</span> <span class='ocrx_word' id='word_1_22' title='bbox 624 718 696 784; x_wconf 89' lang='lat' dir='ltr'>in</span> <span class='ocrx_word' id='word_1_23' title='bbox 731 720 848 785; x_wconf 90' lang='lat' dir='ltr'>Ar.</span> <span class='ocrx_word' id='word_1_24' title='bbox 896 740 964 805; x_wconf 89' lang='lat' dir='ltr'>p.</span> <span class='ocrx_word' id='word_1_25' title='bbox 1012 715 1184 803; x_wconf 82' lang='lat'>267),</span> <span class='ocrx_word' id='word_1_26' title='bbox 1229 718 1332 785; x_wconf 88' lang='lat' dir='ltr'>ita</span> <span class='ocrx_word' id='word_1_27' title='bbox 1378 729 1460 786; x_wconf 90' lang='lat' dir='ltr'>ut</span> <span class='ocrx_word' id='word_1_28' title='bbox 1506 719 1723 786; x_wconf 85' lang='lat' dir='ltr'>etiam</span> <span class='ocrx_word' id='word_1_29' title='bbox 1755 719 2078 787; x_wconf 91' lang='lat' dir='ltr'>hocloco</span> <span class='ocrx_word' id='word_1_30' title='bbox 2110 731 2392 807; x_wconf 90' lang='lat' dir='ltr'>poetam</span> <span class='ocrx_word' id='word_1_31' title='bbox 2431 722 2630 789; x_wconf 85' lang='lat' dir='ltr'>Cata—</span> 
     </span>
     <span class='ocr_line' id='line_1_5' title="bbox 287 824 2629 914; baseline 0.002 -24"><span class='ocrx_word' id='word_1_32' title='bbox 287 824 644 892; x_wconf 89' lang='lat' dir='ltr'>sterismos</span> <span class='ocrx_word' id='word_1_33' title='bbox 702 846 854 891; x_wconf 89' lang='lat' dir='ltr'>esse</span> <span class='ocrx_word' id='word_1_34' title='bbox 916 835 1237 891; x_wconf 78' lang='lat' dir='ltr'>secutum</span> <span class='ocrx_word' id='word_1_35' title='bbox 1287 825 1671 892; x_wconf 85' lang='lat' dir='ltr'>verisimile</span> <span class='ocrx_word' id='word_1_36' title='bbox 1719 826 1830 894; x_wconf 92' lang='lat' dir='ltr'>sit.</span> <span class='ocrx_word' id='word_1_37' title='bbox 1927 826 2273 894; x_wconf 89' lang='lat' dir='ltr'>Rehmius</span> <span class='ocrx_word' id='word_1_38' title='bbox 2322 829 2508 914; x_wconf 91' lang='lat' dir='ltr'>quod</span> <span class='ocrx_word' id='word_1_39' title='bbox 2553 829 2629 896; x_wconf 91' lang='lat' dir='ltr'>in</span> 
     </span>
     <span class='ocr_line' id='line_1_6' title="bbox 290 929 960 1020; baseline 0.004 -24"><span class='ocrx_word' id='word_1_40' title='bbox 290 931 605 998; x_wconf 87' lang='lat' dir='ltr'>versibus</span> <span class='ocrx_word' id='word_1_41' title='bbox 652 929 784 997; x_wconf 80' lang='grc'>259</span> <span class='ocrx_word' id='word_1_42' title='bbox 832 953 960 1020; x_wconf 89' lang='lat' dir='ltr'>sq.:</span> 
     </span>
    </p>

    <p class='ocr_par' dir='ltr' id='par_1_3' title="bbox 607 1039 2629 1128">
     <span class='ocr_line' id='line_1_7' title="bbox 607 1039 2629 1128; baseline 0.001 -24"><span class='ocrx_word' id='word_1_43' title='bbox 607 1039 748 1105; x_wconf 91' lang='lat' dir='ltr'>Hic</span> <span class='ocrx_word' id='word_1_44' title='bbox 795 1039 968 1105; x_wconf 86' lang='lat' dir='ltr'>mihi</span> <span class='ocrx_word' id='word_1_45' title='bbox 1013 1061 1226 1106; x_wconf 88' lang='lat' dir='ltr'>causa</span> <span class='ocrx_word' id='word_1_46' title='bbox 1258 1061 1513 1121; x_wconf 87' lang='lat' dir='ltr'>morae,</span> <span class='ocrx_word' id='word_1_47' title='bbox 1547 1039 1871 1106; x_wconf 87' lang='lat' dir='ltr'>vivarum</span> <span class='ocrx_word' id='word_1_48' title='bbox 1908 1040 2232 1108; x_wconf 86' lang='lat' dir='ltr'>obsessor</span> <span class='ocrx_word' id='word_1_49' title='bbox 2264 1064 2629 1128; x_wconf 80' lang='lat' dir='ltr'>aquarum3</span> 
     </span>
    </p>

    <p class='ocr_par' dir='ltr' id='par_1_4' title="bbox 285 1145 2634 1751">
     <span class='ocr_line' id='line_1_8' title="bbox 699 1145 2176 1233; baseline 0.001 -21"><span class='ocrx_word' id='word_1_50' title='bbox 699 1146 840 1212; x_wconf 92' lang='lat' dir='ltr'>Hic</span> <span class='ocrx_word' id='word_1_51' title='bbox 888 1145 1118 1212; x_wconf 88' lang='lat' dir='ltr'>tenuit</span> <span class='ocrx_word' id='word_1_52' title='bbox 1162 1147 1392 1214; x_wconf 81' lang='lat' dir='ltr'>fontes</span> <span class='ocrx_word' id='word_1_53' title='bbox 1440 1147 1893 1233; x_wconf 80' lang='lat' dir='ltr'>officiumque</span> <span class='ocrx_word' id='word_1_54' title='bbox 1939 1169 2176 1215; x_wconf 90' lang='lat' dir='ltr'>meum</span> 
     </span>
     <span class='ocr_line' id='line_1_9' title="bbox 288 1253 2632 1339; baseline 0.001 -20"><span class='ocrx_word' id='word_1_55' title='bbox 288 1253 587 1319; x_wconf 89' lang='lat' dir='ltr'>Ovidius</span> <span class='ocrx_word' id='word_1_56' title='bbox 673 1253 861 1318; x_wconf 87' lang='lat' dir='ltr'>idem</span> <span class='ocrx_word' id='word_1_57' title='bbox 948 1254 1268 1339; x_wconf 84' lang='lat' dir='ltr'><strong>praebet,</strong></span> <span class='ocrx_word' id='word_1_58' title='bbox 1355 1254 1542 1339; x_wconf 92' lang='lat' dir='ltr'>quod</span> <span class='ocrx_word' id='word_1_59' title='bbox 1622 1253 1890 1319; x_wconf 89' lang='lat' dir='ltr'>scholia</span> <span class='ocrx_word' id='word_1_60' title='bbox 1965 1256 2252 1336; x_wconf 85' lang='lat' dir='ltr'>Aratea,</span> <span class='ocrx_word' id='word_1_61' title='bbox 2338 1256 2474 1322; x_wconf 93' lang='lat' dir='ltr'>hoc</span> <span class='ocrx_word' id='word_1_62' title='bbox 2558 1255 2632 1321; x_wconf 90' lang='lat' dir='ltr'>in</span> 
     </span>
     <span class='ocr_line' id='line_1_10' title="bbox 289 1348 2632 1448; baseline 0.001 -22"><span class='ocrx_word' id='word_1_63' title='bbox 289 1348 650 1446; x_wconf 62' lang='lat' dir='ltr'>catalogis</span> <span class='ocrx_word' id='word_1_64' title='bbox 731 1360 1087 1426; x_wconf 86' lang='lat' dir='ltr'>exstitisse</span> <span class='ocrx_word' id='word_1_65' title='bbox 1165 1360 1568 1447; x_wconf 89' lang='lat' dir='ltr'>suspicatur</span> <span class='ocrx_word' id='word_1_66' title='bbox 1644 1359 1842 1447; x_wconf 79' lang='lat' dir='ltr'>(diss,</span> <span class='ocrx_word' id='word_1_67' title='bbox 1919 1382 1985 1447; x_wconf 89' lang='lat' dir='ltr'>p.</span> <span class='ocrx_word' id='word_1_68' title='bbox 2058 1358 2145 1426; x_wconf 82' lang='lat'>29</span> <span class='ocrx_word' id='word_1_69' title='bbox 2215 1361 2366 1448; x_wconf 91' lang='lat' dir='ltr'>sq.).</span> <span class='ocrx_word' id='word_1_70' title='bbox 2491 1363 2632 1430; x_wconf 89' lang='lat' dir='ltr'>Sed</span> 
     </span>
     <span class='ocr_line' id='line_1_11' title="bbox 286 1466 2633 1555; baseline 0.001 -23"><span class='ocrx_word' id='word_1_71' title='bbox 286 1466 594 1553; x_wconf 89' lang='lat' dir='ltr'>primum</span> <span class='ocrx_word' id='word_1_72' title='bbox 653 1466 787 1532; x_wconf 91' lang='lat' dir='ltr'>hoc</span> <span class='ocrx_word' id='word_1_73' title='bbox 833 1469 987 1534; x_wconf 89' lang='lat' dir='ltr'>loco</span> <span class='ocrx_word' id='word_1_74' title='bbox 1034 1467 1302 1534; x_wconf 88' lang='lat' dir='ltr'>scholia</span> <span class='ocrx_word' id='word_1_75' title='bbox 1349 1470 1610 1533; x_wconf 88' lang='lat' dir='ltr'>Aratea</span> <span class='ocrx_word' id='word_1_76' title='bbox 1656 1468 2067 1555; x_wconf 86' lang='lat' dir='ltr'>perturbata</span> <span class='ocrx_word' id='word_1_77' title='bbox 2115 1482 2312 1552; x_wconf 92' lang='lat' dir='ltr'>sunt,</span> <span class='ocrx_word' id='word_1_78' title='bbox 2377 1469 2633 1535; x_wconf 90' lang='lat' dir='ltr'>deinde</span> 
     </span>
     <span class='ocr_line' id='line_1_12' title="bbox 285 1574 2634 1662; baseline 0 -22"><span class='ocrx_word' id='word_1_79' title='bbox 285 1574 572 1660; x_wconf 87' lang='lat' dir='ltr'>reliquis</span> <span class='ocrx_word' id='word_1_80' title='bbox 642 1574 814 1641; x_wconf 90' lang='lat' dir='ltr'>locis</span> <span class='ocrx_word' id='word_1_81' title='bbox 884 1586 1168 1662; x_wconf 89' lang='lat' dir='ltr'>poetam</span> <span class='ocrx_word' id='word_1_82' title='bbox 1239 1597 1382 1642; x_wconf 89' lang='lat' dir='ltr'>non</span> <span class='ocrx_word' id='word_1_83' title='bbox 1451 1575 1836 1661; x_wconf 85' lang='lat' dir='ltr'>Catalogos</span> <span class='ocrx_word' id='word_1_84' title='bbox 1902 1575 2023 1641; x_wconf 87' lang='lat' dir='ltr'>sed</span> <span class='ocrx_word' id='word_1_85' title='bbox 2095 1575 2634 1642; x_wconf 89' lang='lat' dir='ltr'>Catasterismos</span> 
     </span>
     <span class='ocr_line' id='line_1_13' title="bbox 287 1682 1072 1751; baseline 0.003 -3"><span class='ocrx_word' id='word_1_86' title='bbox 287 1682 694 1749; x_wconf 84' lang='lat' dir='ltr'>adhibuisse</span> <span class='ocrx_word' id='word_1_87' title='bbox 741 1682 1072 1751; x_wconf 79' lang='lat' dir='ltr'>vidimus,</span> 
     </span>
    </p>

    <p class='ocr_par' dir='ltr' id='par_1_5' title="bbox 504 1785 2634 1878">
     <span class='ocr_line' id='line_1_14' title="bbox 504 1785 2634 1878; baseline 0.001 -24"><span class='ocrx_word' id='word_1_88' title='bbox 504 1792 619 1855; x_wconf 83' lang='lat' dir='ltr'>De</span> <span class='ocrx_word' id='word_1_89' title='bbox 685 1789 1017 1876; x_wconf 87' lang='lat' dir='ltr'>aquilae</span> <span class='ocrx_word' id='word_1_90' title='bbox 1082 1790 1353 1856; x_wconf 87' lang='lat' dir='ltr'>sidere</span> <span class='ocrx_word' id='word_1_91' title='bbox 1414 1811 1768 1878; x_wconf 90' lang='lat' dir='ltr'>perpauca</span> <span class='ocrx_word' id='word_1_92' title='bbox 1829 1789 2003 1856; x_wconf 89' lang='lat' dir='ltr'>dicit</span> <span class='ocrx_word' id='word_1_93' title='bbox 2046 1790 2398 1876; x_wconf 84' lang='lat' dir='ltr'>poeta.(V</span> <span class='ocrx_word' id='word_1_94' title='bbox 2445 1785 2634 1875; x_wconf 84' lang='lat'>732):</span> 
     </span>
    </p>

    <p class='ocr_par' dir='ltr' id='par_1_6' title="bbox 697 1895 2223 1964">
     <span class='ocr_line' id='line_1_15' title="bbox 697 1895 2223 1964; baseline -0.001 -1"><span class='ocrx_word' id='word_1_95' title='bbox 697 1896 923 1963; x_wconf 87' lang='lat' dir='ltr'>Grata</span> <span class='ocrx_word' id='word_1_96' title='bbox 970 1896 1125 1963; x_wconf 89' lang='lat' dir='ltr'>Iovi</span> <span class='ocrx_word' id='word_1_97' title='bbox 1173 1896 1412 1963; x_wconf 76' lang='lat' dir='ltr'>fulvae</span> <span class='ocrx_word' id='word_1_98' title='bbox 1458 1906 1683 1964; x_wconf 91' lang='lat' dir='ltr'>rostra</span> <span class='ocrx_word' id='word_1_99' title='bbox 1731 1895 2005 1963; x_wconf 91' lang='lat' dir='ltr'>videbis</span> <span class='ocrx_word' id='word_1_100' title='bbox 2052 1896 2223 1962; x_wconf 79' lang='lat' dir='ltr'>aviS.</span> 
     </span>
    </p>

    <p class='ocr_par' dir='ltr' id='par_1_7' title="bbox 283 2002 2636 2304">
     <span class='ocr_line' id='line_1_16' title="bbox 509 2002 2636 2090; baseline -0.001 -19"><span class='ocrx_word' id='word_1_101' title='bbox 509 2006 774 2071; x_wconf 87' lang='lat' dir='ltr'>Utrum</span> <span class='ocrx_word' id='word_1_102' title='bbox 824 2002 1393 2088; x_wconf 87' lang='lat' dir='ltr'>Catasterismos,</span> <span class='ocrx_word' id='word_1_103' title='bbox 1450 2003 1571 2090; x_wconf 92' lang='lat' dir='ltr'>qui</span> <span class='ocrx_word' id='word_1_104' title='bbox 1617 2004 1821 2090; x_wconf 91' lang='lat' dir='ltr'>plura</span> <span class='ocrx_word' id='word_1_105' title='bbox 1868 2003 2230 2086; x_wconf 83' lang='lat' dir='ltr'>exhibent,</span> <span class='ocrx_word' id='word_1_106' title='bbox 2278 2025 2369 2069; x_wconf 89' lang='lat' dir='ltr'>an</span> <span class='ocrx_word' id='word_1_107' title='bbox 2418 2002 2636 2070; x_wconf 89' lang='lat' dir='ltr'>alium</span> 
     </span>
     <span class='ocr_line' id='line_1_17' title="bbox 283 2109 2634 2195; baseline 0 -19"><span class='ocrx_word' id='word_1_108' title='bbox 283 2111 543 2177; x_wconf 88' lang='lat' dir='ltr'>librum</span> <span class='ocrx_word' id='word_1_109' title='bbox 593 2110 1013 2195; x_wconf 84' lang='lat' dir='ltr'>adhibuerit,</span> <span class='ocrx_word' id='word_1_110' title='bbox 1062 2110 1134 2176; x_wconf 92' lang='lat' dir='ltr'>in</span> <span class='ocrx_word' id='word_1_111' title='bbox 1185 2119 1330 2177; x_wconf 89' lang='lat' dir='ltr'>tam</span> <span class='ocrx_word' id='word_1_112' title='bbox 1376 2110 1575 2177; x_wconf 91' lang='lat' dir='ltr'>brevi</span> <span class='ocrx_word' id='word_1_113' title='bbox 1623 2109 1985 2177; x_wconf 89' lang='lat' dir='ltr'>mentione</span> <span class='ocrx_word' id='word_1_114' title='bbox 2034 2130 2459 2195; x_wconf 85' lang='lat' dir='ltr'>cognoscere</span> <span class='ocrx_word' id='word_1_115' title='bbox 2491 2132 2634 2176; x_wconf 88' lang='lat' dir='ltr'>non</span> 
     </span>
     <span class='ocr_line' id='line_1_18' title="bbox 283 2239 684 2304; baseline 0 -21"><span class='ocrx_word' id='word_1_116' title='bbox 283 2239 684 2304; x_wconf 79' lang='lat' dir='ltr'>possumus,</span> 
     </span>
    </p>

    <p class='ocr_par' dir='ltr' id='par_1_8' title="bbox 286 2323 2640 2627">
     <span class='ocr_line' id='line_1_19' title="bbox 502 2323 2640 2411; baseline -0 -21"><span class='ocrx_word' id='word_1_117' title='bbox 502 2324 699 2392; x_wconf 91' lang='lat' dir='ltr'>Idem</span> <span class='ocrx_word' id='word_1_118' title='bbox 751 2324 908 2390; x_wconf 91' lang='lat' dir='ltr'>dico</span> <span class='ocrx_word' id='word_1_119' title='bbox 955 2325 1043 2391; x_wconf 92' lang='lat' dir='ltr'>de</span> <span class='ocrx_word' id='word_1_120' title='bbox 1078 2323 1480 2411; x_wconf 88' lang='lat' dir='ltr'>Delphini</span> <span class='ocrx_word' id='word_1_121' title='bbox 1530 2324 1830 2406; x_wconf 91' lang='lat' dir='ltr'>sidere,</span> <span class='ocrx_word' id='word_1_122' title='bbox 1878 2324 2081 2391; x_wconf 88' lang='lat' dir='ltr'>cuius</span> <span class='ocrx_word' id='word_1_123' title='bbox 2113 2324 2427 2390; x_wconf 78' lang='lat' dir='ltr'>fabulam</span> <span class='ocrx_word' id='word_1_124' title='bbox 2462 2333 2640 2389; x_wconf 84' lang='lat' dir='ltr'>trac·-</span> 
     </span>
     <span class='ocr_line' id='line_1_20' title="bbox 286 2428 2637 2519; baseline -0.001 -20"><span class='ocrx_word' id='word_1_125' title='bbox 286 2444 560 2499; x_wconf 88' lang='lat' dir='ltr'>tantem</span> <span class='ocrx_word' id='word_1_126' title='bbox 607 2432 829 2516; x_wconf 87' lang='lat' dir='ltr'>(Fast.</span> <span class='ocrx_word' id='word_1_127' title='bbox 888 2432 957 2497; x_wconf 93' lang='lat'>11</span> <span class='ocrx_word' id='word_1_128' title='bbox 1016 2428 1101 2497; x_wconf 85' lang='lat'>79</span> <span class='ocrx_word' id='word_1_129' title='bbox 1157 2440 1329 2519; x_wconf 86' lang='lat' dir='ltr'>sqq.)</span> <span class='ocrx_word' id='word_1_130' title='bbox 1389 2441 1673 2518; x_wconf 90' lang='lat' dir='ltr'>poetam</span> <span class='ocrx_word' id='word_1_131' title='bbox 1723 2431 1941 2498; x_wconf 89' lang='lat' dir='ltr'>alium</span> <span class='ocrx_word' id='word_1_132' title='bbox 1989 2432 2257 2499; x_wconf 81' lang='lat' dir='ltr'>fontem</span> <span class='ocrx_word' id='word_1_133' title='bbox 2313 2442 2637 2498; x_wconf 90' lang='lat' dir='ltr'>secutum</span> 
     </span>
     <span class='ocr_line' id='line_1_21' title="bbox 287 2535 2292 2627; baseline 0 -23"><span class='ocrx_word' id='word_1_134' title='bbox 287 2562 443 2605; x_wconf 89' lang='lat' dir='ltr'>esse</span> <span class='ocrx_word' id='word_1_135' title='bbox 491 2551 800 2627; x_wconf 88' lang='lat' dir='ltr'>apparet.</span> <span class='ocrx_word' id='word_1_136' title='bbox 895 2540 1055 2622; x_wconf 79' lang='lat' dir='ltr'>Qua</span> <span class='ocrx_word' id='word_1_137' title='bbox 1101 2561 1175 2604; x_wconf 91' lang='lat' dir='ltr'>re</span> <span class='ocrx_word' id='word_1_138' title='bbox 1223 2539 1413 2625; x_wconf 90' lang='lat' dir='ltr'>quod</span> <span class='ocrx_word' id='word_1_139' title='bbox 1461 2538 1702 2604; x_wconf 90' lang='lat' dir='ltr'>scribit</span> <span class='ocrx_word' id='word_1_140' title='bbox 1751 2542 1946 2606; x_wconf 88' lang='lat' dir='ltr'>Naso</span> <span class='ocrx_word' id='word_1_141' title='bbox 1994 2538 2095 2625; x_wconf 92' lang='lat'>(11</span> <span class='ocrx_word' id='word_1_142' title='bbox 2145 2535 2292 2624; x_wconf 86' lang='lat'>81):</span> 
     </span>
    </p>

    <p class='ocr_par' dir='ltr' id='par_1_9' title="bbox 285 2645 2637 2948">
     <span class='ocr_line' id='line_1_22' title="bbox 610 2645 2289 2714; baseline -0.002 -1"><span class='ocrx_word' id='word_1_143' title='bbox 610 2648 754 2714; x_wconf 86' lang='lat' dir='ltr'>Seu</span> <span class='ocrx_word' id='word_1_144' title='bbox 804 2647 940 2712; x_wconf 78' lang='lat' dir='ltr'>fuit</span> <span class='ocrx_word' id='word_1_145' title='bbox 987 2645 1281 2713; x_wconf 88' lang='lat' dir='ltr'>occultis</span> <span class='ocrx_word' id='word_1_146' title='bbox 1328 2645 1499 2712; x_wconf 75' lang='lat' dir='ltr'>felix</span> <span class='ocrx_word' id='word_1_147' title='bbox 1545 2645 1621 2711; x_wconf 89' lang='lat' dir='ltr'>iu</span> <span class='ocrx_word' id='word_1_148' title='bbox 1667 2646 2025 2711; x_wconf 88' lang='lat' dir='ltr'>amoribus</span> <span class='ocrx_word' id='word_1_149' title='bbox 2072 2645 2289 2710; x_wconf 86' lang='lat' dir='ltr'>index</span> 
     </span>
     <span class='ocr_line' id='line_1_23' title="bbox 285 2751 2637 2840; baseline -0.002 -20"><span class='ocrx_word' id='word_1_150' title='bbox 285 2755 617 2821; x_wconf 78' lang='lat' dir='ltr'>sufficere</span> <span class='ocrx_word' id='word_1_151' title='bbox 665 2776 808 2820; x_wconf 90' lang='lat' dir='ltr'>non</span> <span class='ocrx_word' id='word_1_152' title='bbox 847 2776 1054 2840; x_wconf 92' lang='lat' dir='ltr'>posse</span> <span class='ocrx_word' id='word_1_153' title='bbox 1088 2775 1358 2836; x_wconf 90' lang='lat' dir='ltr'>cense0,</span> <span class='ocrx_word' id='word_1_154' title='bbox 1406 2762 1489 2819; x_wconf 91' lang='lat' dir='ltr'>ut</span> <span class='ocrx_word' id='word_1_155' title='bbox 1521 2752 1826 2819; x_wconf 87' lang='lat' dir='ltr'>Rehmio</span> <span class='ocrx_word' id='word_1_156' title='bbox 1859 2752 2344 2819; x_wconf 83' lang='lat' dir='ltr'>adsentiamur</span> <span class='ocrx_word' id='word_1_157' title='bbox 2376 2751 2637 2818; x_wconf 89' lang='lat' dir='ltr'>dicenti</span> 
     </span>
     <span class='ocr_line' id='line_1_24' title="bbox 285 2858 2518 2948; baseline -0.002 -21"><span class='ocrx_word' id='word_1_158' title='bbox 285 2862 478 2947; x_wconf 77' lang='lat' dir='ltr'>(diss,</span> <span class='ocrx_word' id='word_1_159' title='bbox 526 2882 589 2948; x_wconf 91' lang='lat' dir='ltr'>p.</span> <span class='ocrx_word' id='word_1_160' title='bbox 639 2858 773 2941; x_wconf 82' lang='lat'>32):</span> <span class='ocrx_word' id='word_1_161' title='bbox 824 2862 1236 2946; x_wconf 64' lang='lat' dir='ltr'>Bendtzung</span> <span class='ocrx_word' id='word_1_162' title='bbox 1278 2861 1400 2926; x_wconf 77' lang='lat' dir='ltr'>der</span> <span class='ocrx_word' id='word_1_163' title='bbox 1452 2860 1964 2925; x_wconf 64' lang='lat' dir='ltr'>Catasterzlrmen</span> <span class='ocrx_word' id='word_1_164' title='bbox 2013 2858 2518 2945; x_wconf 77' lang='lat' dir='ltr'>unzwez‘felhafl.</span> 
     </span>
    </p>

    <p class='ocr_par' dir='ltr' id='par_1_10' title="bbox 281 2962 2710 3268">
     <span class='ocr_line' id='line_1_25' title="bbox 503 2962 2637 3054; baseline -0 -22"><span class='ocrx_word' id='word_1_165' title='bbox 503 2967 611 3034; x_wconf 93' lang='lat' dir='ltr'>De</span> <span class='ocrx_word' id='word_1_166' title='bbox 660 2967 927 3034; x_wconf 90' lang='lat' dir='ltr'>ariete</span> <span class='ocrx_word' id='word_1_167' title='bbox 974 2967 1196 3054; x_wconf 84' lang='lat' dir='ltr'>(Fast.</span> <span class='ocrx_word' id='word_1_168' title='bbox 1225 2968 1336 3032; x_wconf 92' lang='lat'>111</span> <span class='ocrx_word' id='word_1_169' title='bbox 1379 2963 1511 3032; x_wconf 86' lang='lat'>853</span> <span class='ocrx_word' id='word_1_170' title='bbox 1544 2970 1714 3053; x_wconf 92' lang='lat' dir='ltr'>sqq.)</span> <span class='ocrx_word' id='word_1_171' title='bbox 1749 2976 1820 3032; x_wconf 90' lang='lat' dir='ltr'>et</span> <span class='ocrx_word' id='word_1_172' title='bbox 1846 2962 1938 3032; x_wconf 69' lang='lat' dir='ltr'>&#39;de</span> <span class='ocrx_word' id='word_1_173' title='bbox 1987 2965 2369 3033; x_wconf 87' lang='lat' dir='ltr'>Geminis</span> <span class='ocrx_word' id='word_1_174' title='bbox 2417 2964 2637 3051; x_wconf 85' lang='lat' dir='ltr'>(Fast.</span> 
     </span>
     <span class='ocr_line' id='line_1_26' title="bbox 285 3071 2710 3162; baseline -0.002 -21"><span class='ocrx_word' id='word_1_175' title='bbox 285 3078 349 3143; x_wconf 90' lang='lat' dir='ltr'>V</span> <span class='ocrx_word' id='word_1_176' title='bbox 399 3071 534 3140; x_wconf 82' lang='lat'>697</span> <span class='ocrx_word' id='word_1_177' title='bbox 582 3078 756 3160; x_wconf 88' lang='lat' dir='ltr'>sqq.)</span> <span class='ocrx_word' id='word_1_178' title='bbox 804 3075 1007 3140; x_wconf 91' lang='lat' dir='ltr'>aliter</span> <span class='ocrx_word' id='word_1_179' title='bbox 1055 3073 1376 3157; x_wconf 89' lang='lat' dir='ltr'>Ovidius,</span> <span class='ocrx_word' id='word_1_180' title='bbox 1424 3073 1629 3139; x_wconf 90' lang='lat' dir='ltr'>aliter</span> <span class='ocrx_word' id='word_1_181' title='bbox 1670 3071 2154 3139; x_wconf 88' lang='lat' dir='ltr'>Catasterismi</span> <span class='ocrx_word' id='word_1_182' title='bbox 2203 3072 2478 3138; x_wconf 79' lang='lat' dir='ltr'>fabulas</span> <span class='ocrx_word' id='word_1_183' title='bbox 2527 3095 2641 3138; x_wconf 87' lang='lat' dir='ltr'>ex·</span> <span class='ocrx_word' id='word_1_184' title='bbox 2703 3155 2710 3162; x_wconf 88' lang='lat'><strong>.</strong></span> 
     </span>
     <span class='ocr_line' id='line_1_27' title="bbox 281 3192 1513 3268; baseline -0.009 -19"><span class='ocrx_word' id='word_1_185' title='bbox 281 3192 694 3268; x_wconf 84' lang='lat' dir='ltr'>posuerunt.</span> <span class='ocrx_word' id='word_1_186' title='bbox 1508 3232 1513 3238; x_wconf 88' lang='lat'><strong>.</strong></span> 
     </span>
    </p>

    <p class='ocr_par' dir='ltr' id='par_1_11' title="bbox 287 3282 2641 3481">
     <span class='ocr_line' id='line_1_28' title="bbox 507 3282 2638 3375; baseline -0.001 -22"><span class='ocrx_word' id='word_1_187' title='bbox 507 3291 616 3353; x_wconf 93' lang='lat' dir='ltr'>De</span> <span class='ocrx_word' id='word_1_188' title='bbox 665 3288 987 3375; x_wconf 89' lang='lat' dir='ltr'>ampelo</span> <span class='ocrx_word' id='word_1_189' title='bbox 1033 3288 1401 3374; x_wconf 85' lang='lat' dir='ltr'>(Fast.111</span> <span class='ocrx_word' id='word_1_190' title='bbox 1451 3282 1582 3352; x_wconf 84' lang='lat'>407</span> <span class='ocrx_word' id='word_1_191' title='bbox 1630 3288 1805 3372; x_wconf 92' lang='lat' dir='ltr'>sqq.)</span> <span class='ocrx_word' id='word_1_192' title='bbox 1853 3294 1924 3352; x_wconf 93' lang='lat' dir='ltr'>et</span> <span class='ocrx_word' id='word_1_193' title='bbox 1971 3286 2065 3351; x_wconf 94' lang='lat' dir='ltr'>de</span> <span class='ocrx_word' id='word_1_194' title='bbox 2112 3285 2376 3352; x_wconf 89' lang='lat' dir='ltr'>miluo</span> <span class='ocrx_word' id='word_1_195' title='bbox 2418 3285 2638 3368; x_wconf 83' lang='lat' dir='ltr'>(Fast.</span> 
     </span>
     <span class='ocr_line' id='line_1_29' title="bbox 287 3392 2641 3481; baseline -0.002 -20"><span class='ocrx_word' id='word_1_196' title='bbox 287 3400 393 3463; x_wconf 94' lang='lat' dir='ltr'>III</span> <span class='ocrx_word' id='word_1_197' title='bbox 446 3393 579 3462; x_wconf 85' lang='lat'>793</span> <span class='ocrx_word' id='word_1_198' title='bbox 627 3401 799 3481; x_wconf 88' lang='lat' dir='ltr'>sqq.)</span> <span class='ocrx_word' id='word_1_199' title='bbox 849 3416 1027 3480; x_wconf 89' lang='lat' dir='ltr'>quae</span> <span class='ocrx_word' id='word_1_200' title='bbox 1074 3403 1314 3460; x_wconf 88' lang='lat' dir='ltr'>narrat</span> <span class='ocrx_word' id='word_1_201' title='bbox 1358 3404 1596 3480; x_wconf 90' lang='lat' dir='ltr'>poeta,</span> <span class='ocrx_word' id='word_1_202' title='bbox 1660 3393 1733 3458; x_wconf 92' lang='lat' dir='ltr'>in</span> <span class='ocrx_word' id='word_1_203' title='bbox 1784 3392 2304 3460; x_wconf 86' lang='lat' dir='ltr'>Catasterismis</span> <span class='ocrx_word' id='word_1_204' title='bbox 2352 3392 2641 3458; x_wconf 89' lang='lat' dir='ltr'>omnino</span> 
     </span>
    </p>
   </div>
   <div class='ocr_carea' id='block_1_3' title="bbox 284 3504 939 3589">
    <p class='ocr_par' dir='ltr' id='par_1_12' title="bbox 284 3504 939 3589">
     <span class='ocr_line' id='line_1_30' title="bbox 284 3504 939 3589; baseline -0.002 -20"><span class='ocrx_word' id='word_1_205' title='bbox 284 3527 430 3571; x_wconf 91' lang='lat' dir='ltr'>non</span> <span class='ocrx_word' id='word_1_206' title='bbox 480 3505 842 3589; x_wconf 86' lang='lat' dir='ltr'>leguntur.</span> <span class='ocrx_word' id='word_1_207' title='bbox 861 3504 939 3584; x_wconf 81' lang='lat'>³⁴)</span> 
     </span>
    </p>
   </div>
   <div class='ocr_carea' id='block_1_4' title="bbox 354 3668 718 3676">
    <p class='ocr_par' dir='ltr' id='par_1_13' title="bbox 354 3668 718 3676">
     <span class='ocr_line' id='line_1_31' title="bbox 354 3668 718 3676; baseline 0 1195"><span class='ocrx_word' id='word_1_208' title='bbox 354 3668 718 3676; x_wconf 95' lang='lat' dir='ltr'> </span> 
     </span>
    </p>
   </div>
   <div class='ocr_carea' id='block_1_5' title="bbox 284 3747 2642 3925">
    <p class='ocr_par' dir='ltr' id='par_1_14' title="bbox 284 3747 2642 3925">
     <span class='ocr_line' id='line_1_32' title="bbox 511 3747 2642 3837; baseline -0.004 -20"><span class='ocrx_word' id='word_1_209' title='bbox 511 3756 596 3837; x_wconf 84' lang='lat'>3⁴)</span> <span class='ocrx_word' id='word_1_210' title='bbox 643 3758 739 3816; x_wconf 89' lang='lat' dir='ltr'>De</span> <span class='ocrx_word' id='word_1_211' title='bbox 795 3759 1091 3833; x_wconf 85' lang='lat' dir='ltr'>piscibus,</span> <span class='ocrx_word' id='word_1_212' title='bbox 1148 3757 1224 3814; x_wconf 91' lang='lat' dir='ltr'>de</span> <span class='ocrx_word' id='word_1_213' title='bbox 1275 3747 1593 3820; x_wconf 39' lang='lat' dir='ltr'>centauro*⁹</span> <span class='ocrx_word' id='word_1_214' title='bbox 1649 3756 1727 3813; x_wconf 89' lang='lat' dir='ltr'>de</span> <span class='ocrx_word' id='word_1_215' title='bbox 1782 3755 2210 3829; x_wconf 85' lang='lat' dir='ltr'>anguitenente</span> <span class='ocrx_word' id='word_1_216' title='bbox 2258 3756 2318 3810; x_wconf 91' lang='lat' dir='ltr'>in</span> <span class='ocrx_word' id='word_1_217' title='bbox 2366 3753 2642 3828; x_wconf 85' lang='lat' dir='ltr'>sequenti</span> 
     </span>
     <span class='ocr_line' id='line_1_33' title="bbox 284 3848 885 3925; baseline -0.008 -18"><span class='ocrx_word' id='word_1_218' title='bbox 284 3852 491 3925; x_wconf 84' lang='lat' dir='ltr'>capite</span> <span class='ocrx_word' id='word_1_219' title='bbox 543 3848 885 3922; x_wconf 88' lang='lat' dir='ltr'>disputabo.</span> 
     </span>
    </p>
   </div>
  </div>
 </body>
</html>
