3123 4871
1474 181 1972 306 -62,
3027 128 3041 379 4

730 455 983 520 Restat
1053 463 1134 518 ut
1198 454 1540 519 nonnulla
1610 453 1967 539 disputem
2017 454 2105 519 de
2161 454 2410 537 verbis,
2458 475 2642 539 quae
2691 455 2894 520 fecit

514 569 725 644 poeta
772 558 869 624 de
901 561 1218 626 Venere
1250 559 1736 646 Typhoeum
1787 561 2183 645 fugiente.
2278 564 2357 625 In
2414 562 2577 626 Met.
2616 563 2680 628 V
2727 557 2884 625 331

516 664 825 731 breviter
872 686 1427 732 commemorans
1475 666 1674 734 dicit:

840 771 1034 837 Pisce
1083 774 1326 839 Venus
1374 772 1584 839 latuit
1589 822 1866 841 .....

731 876 1013 960 Quibus
1064 888 1344 965 poetam
1394 881 1745 946 Venerem
1803 880 2007 944 deam
2066 880 2139 944 in
2195 879 2456 965 piscem
2507 875 2884 945 mutatam

514 984 950 1070 expressisse
996 984 1410 1070 significant
1458 990 1705 1052 versus
1753 982 1883 1050 325
1932 1006 2064 1072 sq.:

840 1092 1004 1156 Huc
1058 1112 1338 1178 quoque
1397 1092 1825 1180 terrigenam
1884 1092 2164 1158 venisse
2213 1089 2554 1177 Typhoea
2601 1104 2887 1176 narrat,

838 1196 945 1266 Et
989 1220 1073 1263 se
1119 1198 1504 1264 mentitis
1551 1219 1897 1284 superos
1946 1199 2261 1263 celasse
2309 1198 2631 1283 figuris

608 1342 609 1347 κ
728 1298 951 1369 Aliter
985 1304 1322 1371 Ovidium
1370 1304 1445 1369 in
1496 1304 1750 1371 Fastis.
1778 1326 1923 1370 rem
1971 1304 2422 1390 descripsisse
2465 1304 2883 1371 ostendam.

520 1411 880 1497 Hauptius
951 1410 1235 1497 quidem
1308 1411 1380 1476 in
1441 1411 2105 1497 Metamorphoseon
2168 1411 2476 1477 editione
2525 1411 2881 1489 adnotat:

513 1520 603 1580 In
663 1519 790 1581 den
842 1520 1091 1581 Fasten
1147 1521 1239 1580 ll
1270 1542 1312 1600 4
1315 1540 1401 1601 59
1451 1519 1621 1581 li‘z'ssl
1677 1519 1861 1582 Ovid
1902 1519 2012 1581 die
2079 1521 2302 1582 Venus
2348 1519 2502 1581 und
2543 1519 2672 1581 den
2732 1520 2881 1581 Cu-

503 1625 673 1709 pido
729 1647 850 1687 vor
905 1626 1050 1688 dem
1112 1626 1380 1710 Tvplzon
1440 1647 1589 1715 zum
1637 1626 1957 1709 Euphral
1979 1624 2251 1708 flz'elzen
2300 1626 2454 1687 und
2494 1625 2570 1686 in
2623 1625 2882 1688 Ft'sclz('

514 1733 931 1795 verwande‘lt
974 1733 1254 1795 werden.
1349 1732 1487 1797 Sed
1535 1731 1672 1796 hoc
1718 1731 2047 1796 fefellisse
2095 1731 2326 1797 virum
2371 1729 2878 1797 doctissimum

517 1847 710 1923 puto,
759 1838 944 1924 quod
994 1837 1285 1902 omnino
1333 1838 1469 1903 alia
1517 1838 1790 1903 ratione
1824 1836 2124 1903 Ovidius
2173 1838 2246 1902 in
2283 1836 2514 1902 Fastis
2546 1837 2874 1903 fabulam
3033 1860 3041 1894 ⁴

512 1944 989 2009 adumbravit.
1087 1946 1245 2009 Hoc
1294 1944 1481 2009 enim
1530 1944 1602 2009 in
1639 1966 1849 2030 opere
1881 1965 2023 2009 non
2057 1953 2457 2009 mutatam
2493 1946 2874 2028 Venerem,

514 2049 640 2115 sed
690 2072 849 2115 cum
885 2050 1230 2136 Cupidine
1278 2073 1319 2115 a
1368 2050 1742 2136 piscibus
1790 2051 2150 2116 ablatam
2202 2061 2271 2115 et
2319 2059 2673 2116 servatam
2707 2073 2874 2116 esse
3032 2053 3041 2114 ]

516 2157 842 2243 explicat,
892 2167 972 2223 ut
1018 2156 1509 2223 demonstrant
1555 2181 1620 2224 v.
1669 2154 1799 2221 459
1848 2178 1975 2242 sq.:
3027 2160 3041 2222 l

836 2262 941 2329 Te
998 2264 1120 2350 (sc.
1179 2263 1466 2349 piscem)
1522 2274 1918 2330 memorant
1973 2264 2401 2349 fratremque
2459 2274 2662 2329 tuum
2711 2313 2726 2330 .
2782 2318 2795 2331 .
2855 2319 2868 2331 .
3027 2267 3041 2329 1

929 2425 1207 2439 .....
1259 2371 1464 2438 duos
1513 2381 1752 2457 tergo
1800 2370 2313 2437 sustinuisse
2361 2370 2577 2437 deos.

735 2481 986 2564 Itaque
1037 2479 1410 2545 Fastorum
1469 2478 1874 2544 narratione
1927 2478 2102 2544 haec
2148 2478 2565 2543 referuntur:
2615 2480 2868 2545 Venus
2985 2501 3041 2546 ,η

513 2595 588 2651 et
636 2585 934 2671 Cupido,
1000 2607 1209 2671 quem
1280 2586 1352 2650 in
1414 2585 2105 2671 Metamorphosibus
2176 2584 2457 2650 silentio
2527 2586 2869 2669 praeterit
3017 2588 3041 2653 ἡ

514 2703 753 2778 poeta,
811 2690 1233 2778 Typhoeum
1292 2691 1653 2778 fugientes
1702 2701 1773 2756 et
1818 2690 1889 2756 in
1925 2713 2118 2756 mare
2163 2690 2610 2776 prosilientes
2657 2691 2867 2777 pisci·
3018 2695 3041 2759 U

409 2850 412 2853 -
516 2820 637 2865 um
690 2797 911 2884 tergis
961 2798 1179 2865 ablati
1228 2807 1619 2864 servantur.

656 2907 856 2971 Haec
903 2917 1186 2992 poetam
1236 2914 1575 2971 tractasse
1621 2904 2008 2970 ostendunt
2055 2904 2267 2970 etiam
2317 2926 2563 2970 versus
2597 2901 2721 2969 471
2753 2927 2863 2991 sq:
2979 2903 2990 3054 J
3012 2921 3041 2973 ta

1721 3010 2021 3096 ,pisces
2085 3010 2416 3077 subiere
2469 3011 2772 3097 gemelli,
3011 3036 3041 3083 m

824 3123 955 3185 Pro
998 3141 1137 3206 quo
1180 3141 1370 3185 nunc
1407 3157 1485 3170 --
1510 3063 1772 3184 cernis!
1822 3155 1896 3168 --
1936 3116 2164 3183 sidera
2196 3137 2457 3183 nomen
2491 3118 2773 3185 habent.
2977 3149 2984 3196 ι

731 3230 982 3312 Itaque
1053 3225 1354 3292 Ovidius
1422 3248 1596 3309 non,
1668 3246 1850 3311 quae
1919 3223 2055 3290 fuit
2127 3224 2428 3309 Hauptii
2485 3222 2725 3310 opinio
2788 3226 2861 3291 in
3008 3250 3041 3298 m

520 3331 753 3398 Fastis
810 3335 1160 3400 Venerem
1226 3333 1300 3397 in
1359 3331 1624 3418 piscem
1685 3333 2060 3397 formatam
2109 3329 2413 3414 tradidit,
2471 3330 2594 3396 sed
2642 3331 2859 3398 alium
3003 3357 3041 3426 01

512 3440 784 3505 fontem
831 3439 906 3504 in
941 3439 1172 3505 Fastis
1220 3438 1440 3503 alium
1488 3438 1560 3503 in
1599 3436 2283 3523 Metamorphosibus
2332 3446 2616 3502 secutus
2664 3440 2857 3503 varia
3004 3464 3041 3512 co

514 3545 789 3612 ratione
836 3545 1149 3612 fabulam
1196 3545 1547 3612 tractavit.
2999 3569 3041 3621 su
