3123 4871
1206 275 1647 342 -35-

249 491 443 578 quod
470 490 771 557 Ovidius
820 491 953 556 hac
999 491 1086 557 de
1133 491 1417 557 fabulae
1460 491 1685 557 forma
1715 490 1892 557 nihil
1926 489 2601 573 commemoraverit,

250 620 369 664 me
417 619 558 663 non
604 607 839 684 potest
886 597 1261 667 offendere.

471 706 588 770 De
612 704 864 787 acanis
913 704 1198 791 quidem
1241 703 1468 770 sidere
1497 726 1638 770 non
1675 714 1784 772 est
1815 704 2128 791 dubium,
2162 704 2332 791 quin
2368 703 2601 770 varias

249 810 696 901 narrationes
744 811 1198 898 praebuerint
1232 810 1744 891 Catasterismi3
1779 811 2080 878 Ovidius
2113 821 2353 879 autem
2385 831 2596 877 unam
2631 880 2635 887 ,

250 927 537 983 tantum
588 916 897 1005 fabulam
948 917 1352 1003 explicavit.
1445 915 1580 983 Sed
1633 928 1777 984 tarn
1825 918 2071 1004 paucis
2118 917 2348 984 verbis
2393 925 2603 1003 poeta

250 1012 451 1088 canis
500 1022 694 1089 sidus
741 1033 1246 1090 commemorat
1291 1023 1514 1111 (Fast.
1563 1022 1664 1091 IV
1711 1021 1840 1089 939
1888 1025 2045 1111 sq.):
2074 1074 2106 1109 ,¹

484 1195 489 1200 .
580 1130 716 1201 Est
763 1130 974 1213 canis,
1022 1131 1327 1196 Icarium
1376 1131 1640 1223 dicunt,
1688 1152 1828 1216 quo
1875 1131 2100 1197 sidere
2147 1143 2335 1197 moto

390 1315 396 1322 ι
672 1234 895 1304 Tosta
945 1237 1098 1304 sitit
1146 1238 1370 1320 tellus,
1419 1237 1987 1328 praecipiturque
2036 1259 2243 1323 seges

253 1353 332 1410 et
381 1347 445 1410 V
482 1326 651 1437 '7232
1341 1431 1348 1437 .
1390 1428 1398 1438 ·
1435 1364 1441 1370 ·

582 1453 811 1516 Nocte
859 1461 1198 1537 sequente
1245 1451 1430 1517 diem
1481 1451 1676 1518 canis
1725 1450 2155 1537 Erigoneius
2204 1451 2370 1517 exit.

674 1557 809 1627 Est
855 1557 993 1623 alio
1040 1557 1227 1644 signi
1276 1558 1567 1639 reddita⁸
1598 1579 1810 1624 causa
1854 1559 2121 1642 loco¹⁹)‚

259 1674 346 1731 ut
392 1674 627 1753 utrum
666 1663 966 1730 Ovidius
1014 1664 1124 1729 his
1171 1663 1343 1730 locis
1379 1664 1918 1747 Catasterismos
1966 1687 2056 1730 an
2100 1664 2317 1730 alium
2350 1664 2607 1731 librum

255 1753 665 1861 inspexerit,
712 1755 921 1836 nemo
969 1770 1193 1856 possit
1239 1770 1653 1838 discernere.

482 1877 758 1962 Quibus
806 1876 1184 1962 disputatis
1235 1887 1379 1943 tam
1416 1877 1658 1945 multis
1700 1878 1872 1944 locis
1904 1888 2187 1964 poetam
2225 1879 2472 1944 eadem
2508 1899 2610 1944 ra·

261 1985 458 2052 tione
500 2005 641 2069 qua
675 1984 1219 2051 Eratosthenem
1256 1985 1652 2069 complures
1686 1984 2002 2051 eiusdem
2036 1985 2317 2052 fabulae
2349 1985 2611 2050 formas

259 2090 593 2177 attigisse
650 2089 983 2173 vidimuS,
1051 2100 1130 2155 ut
1188 2091 1363 2156 haec
1411 2112 1553 2156 non
1604 2091 1895 2158 fortuito
1944 2092 2305 2176 accidisse,
2369 2091 2492 2158 sed
2538 2113 2614 2158 re

263 2220 437 2265 vera
480 2196 816 2263 Ovidium
853 2197 1348 2264 Eratosthenis
1397 2219 1577 2283 opus
1625 2199 1969 2285 respicere
2019 2221 2158 2264 non
2206 2198 2409 2265 facile
2457 2198 2615 2284 quis

263 2303 658 2389 negaverit.

485 2410 624 2478 Sed
674 2408 850 2475 haec
896 2409 1259 2477 hactenus,
1357 2413 1423 2475 N
1432 2432 1570 2476 unc
1636 2411 1722 2478 de
1781 2413 2001 2478 altera
2049 2412 2462 2499 quaestione
2510 2423 2619 2479 est

264 2534 810 2621 disputandum,
882 2546 1120 2601 utrum
1171 2538 1367 2601 Naso
1423 2535 1647 2621 ipsius
1696 2537 2188 2604 Eratosthenis
2237 2537 2617 2623 Catalogos

269 2664 365 2707 an
415 2641 953 2708 Catasterismos
1001 2641 1404 2727 inspexerit2
1503 2642 1883 2728 Catalogos
1949 2655 2233 2728 poetam
2302 2665 2456 2710 esse
2520 2665 2620 2710 se-

268 2757 517 2815 cutum
586 2747 933 2813 Rehmius
1006 2748 1312 2815 affirmat
1399 2749 1590 2834 (diss,
1671 2772 1735 2835 p.
1785 2747 1873 2814 24
1929 2750 2090 2837 sq.);
2170 2759 2407 2817 tamen
2476 2772 2619 2815 non

268 2864 462 2921 recte
533 2876 694 2919 eum
761 2854 1110 2921 iudicasse
1165 2867 1368 2940 put0,
1439 2857 1626 2942 quod
1676 2858 2034 2922 nonnullis
2080 2857 2281 2939 lociS,
2352 2857 2472 2923 ubi
2520 2879 2621 2924 se-

269 2961 584 3027 cundum
638 2961 1181 3029 Eratosthenem
1248 2972 1504 3029 tractat
1566 2964 1867 3046 fabulas,
1932 2973 2139 3049 poeta
2195 2985 2306 3029 res
2362 2973 2620 3047 narrat,

272 3090 480 3155 quaS,
548 3088 979 3153 quamquam
1039 3068 1109 3133 in
1163 3068 1683 3135 Catasterismis
1732 3081 1900 3136 sunt
1949 3080 2315 3153 tractatae,
2381 3080 2621 3137 tamen

271 3175 349 3240 in
388 3173 751 3259 Catalogis
800 3196 938 3239 non
993 3174 1348 3242 exstitisse
1397 3174 1758 3261 probabile
1807 3187 1934 3242 est.
2028 3175 2305 3259 Quibus
2352 3176 2426 3241 in
2474 3199 2625 3261 per-

190 3357 200 3368 ,
273 3279 640 3367 quirendis
689 3280 960 3366 optime,
1003 3303 1132 3346 nos
1176 3281 1521 3346 adiuvant
1553 3303 1634 3346 ea
1670 3304 1850 3367 quae
1883 3282 2165 3368 scripsit
2196 3283 2624 3350 Alessandro

275 3385 698 3471 Olivieri,²⁰)
746 3387 864 3473 qui
914 3388 1275 3453 stellarum
1311 3387 1661 3453 indicibus
1697 3389 2119 3474 comparatis
2156 3411 2314 3455 cum
2349 3390 2624 3472 fabulis,

273 3516 462 3581 quae
541 3494 998 3570 antecedunt,
1077 3494 1607 3560 accuratissime
1685 3505 1791 3560 est
1866 3506 2365 3581 perscrutatuS,
2443 3519 2625 3583 quae

275 3600 702 3672 narrationis
779 3611 1014 3686 partes
1092 3622 1551 3687 quamquam.
1603 3601 1677 3666 in
1750 3602 2271 3670 Catasterismis
2343 3614 2629 3670 exstant

277 3718 520 3773 tamen
592 3730 679 3773 ex
748 3706 1110 3792 Catalogis
1180 3729 1321 3772 non
1389 3709 1744 3776 fluxerint.
1839 3708 2216 3776 Sufficient
2283 3710 2627 3776 nonnulla

276 3816 609 3901 exempla
656 3816 742 3881 ad
792 3816 1423 3881 demonstrandum
1476 3817 1758 3882 Rehmii
1810 3838 2132 3884 errorem.
2228 3849 2233 3855 ·

508 4028 587 4115 ¹⁹)
635 4034 850 4109 Neque
894 4042 1099 4091 tamen
1149 4035 1266 4091 alio
1317 4037 1452 4094 loco
1501 4044 1750 4111 poetam
1798 4036 2067 4095 fabulam
2099 4046 2388 4095 tractasse
2420 4047 2630 4097 monet

277 4122 591 4181 Rehmius.

505 4230 582 4305 2⁰)
631 4231 795 4287 Studi
844 4230 1077 4286 Italiani
1126 4231 1185 4315 di
1234 4231 1522 4307 Filologia
1571 4235 1824 4290 classica
1872 4233 1924 4287 V
1980 4231 2143 4291 1897
2194 4253 2251 4308 p.
2306 4235 2330 4293 1
2389 4245 2518 4309 sqq.
