3123 4871
1402 298 1845 367 *48-

662 514 853 578 Haec
913 512 1036 600 (sc.
1083 513 1489 600 Amalthea)
1530 515 1697 600 -fuit
1749 515 2026 580 domina
2072 538 2330 601 caprae,
2377 538 2548 602 quae
2592 538 2684 581 ex
2732 540 2824 581 eac

447 621 672 684 Iovem
720 620 1021 687 nutn'vit.
1097 621 1264 685 Esse
1306 627 1531 686 aulem
1579 622 1787 686 hanc
1830 623 2211 707 capellam
2255 622 2440 688 Solis·
2479 622 2715 698 filiam.

661 744 899 813 Etiam
947 766 1245 831 capram,
1293 744 1495 811 cuius
1541 746 1800 832 pellem
1852 757 2097 813 contra
2128 744 2425 813 Titanas
2459 768 2818 833 pugnans

445 872 571 916 rex
617 851 909 917 deorum
959 861 1246 938 accepit,
1294 851 1590 917 eandem
1640 851 1857 919 fuisse
1904 853 2267 939 probabile
2314 864 2446 937 est3
2490 854 2818 939 legimus

448 956 634 1022 enim
690 958 766 1022 in
790 957 1176 1082 tEpitome:
1243 953 1364 1047 τὴν
1419 952 1576 1046 αἶγα
1632 953 1799 1025 εἶναι
1860 950 2096 1026 Ηλιόυ
2140 960 2472 1049 θυγατέρα
2516 957 2822 1050 φοβερὰν

447 1056 683 1145 οὕτως,
770 1056 944 1130 ὥστε
1009 1059 1165 1143 τούς
1232 1090 1403 1130 κατα
1484 1063 1735 1153 Κρόνον
1805 1061 2008 1145 θεους
2072 1066 2617 1152 βδελυττομένους
2683 1063 2819 1155 τὴν

444 1164 709 1260 μορφὴν
752 1176 875 1260 τῆς
912 1165 1103 1259 αἰγὸς
1143 1161 1424 1250 αξιῶσαι
1454 1165 1577 1262 τὴν
1611 1177 1709 1239 1w
1668 1196 1746 1261 [ν
1774 1170 2030 1260 κρύψαι
2062 1164 2265 1261 αὐτὴν
2295 1174 2431 1239 κτλ.
2497 1173 2807 1239 Deinde.

448 1281 926 1365 ιλε’σπισθῆναί
979 1267 1154 1365 αυτῷ
1209 1282 1329 1365 τῆς
1382 1274 1572 1366 αἰγὸς
1635 1284 1717 1367 τῇ
1775 1280 1936 1369 δορᾷ
1993 1271 2187 1368 όπλῳ
2232 1276 2619 1368 χρήσασθαι
2680 1278 2810 1346 δια

444 1395 514 1448 τε
558 1378 636 1448 τὸ
685 1408 978 1472 ατρωτον
1024 1374 1227 1473 αὐτῆς
1271 1384 1386 1450 καὶ
1432 1375 1738 1474 φοβερόν.

662 1508 1112 1594 Epitomator
1158 1507 1381 1593 igitur
1426 1507 1612 1575 hanc
1659 1509 1954 1576 eandem
2003 1531 2307 1597 capram,
2339 1510 2526 1576 Solis
2558 1509 2811 1592 filiam,

446 1634 602 1681 esse
659 1604 847 1681 dicit.
941 1615 1140 1682 Idem
1200 1624 1494 1680 narrant
1540 1615 1809 1681 scholia
1859 1616 2288 1682 Basileensia
2335 1627 2408 1682 et
2458 1616 2805 1701 Hyginus

443 1721 573 1806 ita,
637 1731 721 1789 ut
778 1731 918 1789 tres
975 1721 1211 1788 varias
1265 1721 1549 1787 fabulae
1598 1723 1860 1788 formas
1908 1744 2061 1788 esse
2108 1722 2627 1789 contaminatas
2674 1745 2811 1789 cur

445 1849 858 1895 censeamus
905 1828 1323 1914 intellegere
1370 1849 1513 1894 non
1561 1828 1858 1916 possim;
1906 1851 2072 1895 nam
2120 1829 2387 1916 optime
2418 1829 2555 1895 hoc
2586 1829 2810 1895 modo

406 1921 761 2002 ⁸fabulam
807 1933 1226 2020 intellegere
1272 1955 1681 2020 possumus:
1730 1934 2105 2002 Amalthea
2151 1936 2465 2023 possedit
2497 1956 2810 2021 capram,

444 2040 626 2107 Solis
684 2041 935 2124 filiam,
1006 2062 1188 2129 quae
1236 2043 1479 2108 Iovem
1539 2041 1861 2108 nutrivit.
1957 2043 2218 2108 Contra
2265 2038 2563 2108 Titanas
2620 2062 2812 2127 pug—

445 2169 626 2214 nans
660 2170 912 2235 caprae
943 2149 1130 2233 pelle
1162 2157 1272 2213 est
1302 2169 1473 2214 usus
1509 2148 1844 2234 Iuppiter.
1917 2148 2197 2231 Quibus
2231 2149 2318 2213 de
2352 2148 2582 2214 causis
2614 2148 2812 2215 inter

447 2264 639 2321 astra
663 2275 948 2341 capram
976 2254 1363 2320 collocavit.
1424 2254 1973 2323 Eratosthenem
1999 2255 2229 2340 ipsum
2259 2255 2434 2320 haec
2459 2264 2809 2320 tractasse

443 2353 618 2447 ipse*
660 2383 849 2447 nego
897 2382 1058 2426 cum
1109 2360 1478 2445 Olivieri0,
1545 2361 1734 2449 quod
1783 2382 2212 2447 quamquam
2261 2362 2398 2427 hoc
2443 2362 2517 2427 in
2564 2361 2804 2447 capite

445 2467 686 2553 agitur
743 2470 831 2534 de
878 2490 1130 2555 caprae
1179 2479 1250 2534 et
1295 2468 1748 2535 haedorum
1796 2468 2168 2550 sideribuS,
2226 2490 2350 2534 cur
2396 2468 2602 2534 haedi
2652 2468 2804 2534 sint

442 2575 518 2639 in
581 2576 853 2641 caelum
920 2575 1273 2656 translati,
1345 2595 1488 2640 non
1534 2584 2171 2641 commemoratur.
2265 2574 2406 2642 Sed
2472 2574 2546 2640 in
2595 2574 2809 2640 Cata·

443 2681 785 2747 sterismis
842 2681 1156 2746 fabulam
1209 2681 1349 2746 hac
1395 2681 1670 2747 ratione
1716 2681 1933 2747 fuisse
1982 2691 2364 2747 tractatam
2412 2680 2810 2746 verisimile

444 2798 570 2855 est.
666 2788 945 2871 Quibus
992 2787 1501 2854 confirmantur
1549 2788 1782 2870 etiam,
1830 2809 2011 2873 quae
2044 2808 2260 2874 supra
2293 2808 2539 2854 sumus
2574 2787 2810 2873 suspi-

445 2894 602 2979 cati,
636 2895 977 2962 Ovidium
1026 2915 1169 2961 non
1204 2894 1587 2979 Catalogos
1634 2894 2044 2980 inspexisse,
2078 2894 2199 2959 sed
2234 2893 2808 2960 CatasterismOS.

444 3004 634 3067 Nam
680 3011 892 3088 poeta
939 3000 1151 3067 simili
1200 3000 1475 3067 ratione
1521 3000 1833 3066 fabulam
1883 2999 2242 3086 explicans
2290 2999 2503 3065 etiam
2547 3000 2803 3066 Iovem

445 3118 691 3174 contra
760 3106 1061 3174 Titanas
1130 3127 1493 3193 pugnasse
1558 3106 1757 3187 dicit,
1848 3117 1928 3171 ut
1992 3107 2480 3171 demonstrant
2545 3127 2813 3172 versus

444 3215 509 3279 V
552 3208 709 3283 125:
748 3277 753 3282 ,

772 3321 902 3386 Ille
949 3320 1070 3387 ubi
1119 3342 1229 3385 res
1278 3320 1453 3387 caeli
1503 3319 1736 3385 tenuit
1781 3319 2116 3404 solioque
2143 3321 2438 3405 paterno

852 3426 1070 3509 Sedit,
1119 3438 1200 3492 et
1246 3426 1571 3492 invicto
1618 3425 1737 3491 nil
1786 3428 1983 3491 Iove
2031 3425 2301 3494 maius
2350 3435 2550 3506 erat,

763 3532 1012 3599 Sidera
1059 3532 1407 3599 nutricem
1462 3582 2545 3599 .................

855 3638 1053 3706 Fecit
1058 3691 1408 3707 ......
1412 3674 1419 3684 ·
1462 3689 2342 3706 ..............
2385 3690 2403 3719 .·
2458 3690 2471 3703 .
2525 3688 2536 3702 .

662 3783 849 3846 Nam
899 3781 1012 3847 his
1059 3781 1293 3848 verbis
1341 3790 1586 3846 contra
1618 3778 1916 3846 Titanas
1950 3780 2142 3846 Iovis
2175 3800 2267 3865 pu
2276 3800 2493 3864 gnam
2530 3779 2814 3868 attingi
2849 3837 2852 3840 ,

445 3909 654 3958 nemo
702 3887 1016 3972 negabit.
1110 3887 1420 3953 Inseruit
1468 3886 1751 3971 quidem
1800 3895 2011 3971 poeta
2058 3887 2370 3952 fabulam
2420 3884 2506 3949 de
2540 3905 2819 3971 caprae

445 4014 677 4077 cornu,
772 4015 985 4079 quarn
1037 3994 1222 4062 unde
1268 3992 1590 4058 hauserit
1632 3991 2006 4058 nescimus,

658 4139 774 4201 De
847 4143 1791 4218 corvo—angue-cratere
1853 4133 2164 4199 fabulam
2234 4133 2540 4220 explicat
2598 4136 2818 4204 Naso

445 4241 544 4324 11,
613 4238 744 4305 243
809 4264 954 4326 sqq.
1024 4239 1271 4305 eadem
1320 4242 1463 4303 fere
1511 4259 1837 4313 narrans,
1906 4261 2084 4323 quae
2132 4262 2220 4304 ex
2270 4238 2820 4310 Catasterismis
