3123 4871
1397 273 1814 341 ..56-

437 488 801 572 Lycaonis
847 488 1165 555 fabulam·
1209 489 1769 556 necessariam
1822 511 1974 555 esse
2020 500 2196 576 puto
2243 490 2330 556 ad
2380 489 2800 576 intellegen-

445 595 608 660 dam
656 604 877 661 totam
922 595 1413 678 narrationem,
1459 595 2057 680 quemadmodum
2086 597 2595 664 Eratosthenes
2648 597 2798 681 qui·

444 702 607 768 dem
633 702 1050 789 composuit.
1101 705 1291 768 Nam
1317 703 1376 768 si
1403 703 1795 789 inspexeris
1817 726 1906 770 ex
1925 703 2443 771 Catasterismis
2466 717 2797 790 excerpta

444 808 667 895 (Epit.
702 831 758 874 c.
793 812 825 873 1
861 830 926 894 p.
954 805 1042 873 50
1066 831 1164 895 sq.
1198 811 1405 892 Rob.;
1457 812 1570 879 Ar.
1606 813 1781 892 Lat.,
1824 810 2089 878 Comm.
2123 811 2197 876 in
2232 813 2344 877 Ar.
2391 833 2458 897 p.
2493 808 2616 876 181
2648 811 2797 896 sq.),

446 915 522 980 in
571 915 899 981 omnibus
946 917 1144 1002 leges
1168 919 1442 982 Arcada
1490 939 1811 1003 puerum,
1859 938 2019 983 cum
2068 928 2297 984 mater
2341 929 2527 984 esset
2573 927 2797 1003 capta,

446 1022 698 1088 simul
768 1044 946 1088 cum
1018 1045 1107 1088 ea
1175 1023 1558 1090 deductum
1618 1046 1773 1090 esse
1835 1024 1922 1089 ad
1982 1027 2406 1108 Lycaonem.
2502 1025 2796 1108 QuibuS,

446 1138 529 1195 ut
595 1128 738 1194 iam
803 1150 1017 1215 supra
1089 1131 1661 1213 commemoravi,
1738 1131 2073 1217 quoniam
2138 1140 2502 1217 praeterea
2557 1152 2834 1215 ursam⁸

448 1234 738 1300 Callisto
822 1236 1181 1322 peperisse
1266 1259 1569 1323 puerum
1648 1237 2157 1308 Eratosthenes
2235 1237 2443 1320 dixit,
2521 1236 2796 1302 Arcada

444 1342 752 1428 primum
812 1343 995 1429 apud
1057 1352 1358 1410 matrem
1407 1344 1829 1411 remansisse
1886 1357 2201 1431 apparet.
2292 1346 2390 1410 At
2435 1366 2517 1410 eo
2564 1344 2797 1428 magis

445 1448 784 1514 miremur
839 1460 1133 1536 oportet,
1204 1451 1394 1536 quod
1448 1450 1686 1517 subito
1734 1454 1971 1535 ArcaS,
2037 1453 2157 1538 qui
2207 1466 2505 1518 matrem
2555 1472 2794 1516 ursam

446 1578 589 1621 non
637 1556 949 1642 ignorat,
1010 1579 1164 1622 eam
1214 1543 1681 1643 persequitur.
1778 1562 2029 1645 Itaque
2076 1558 2343 1645 aliquid
2390 1558 2632 1623 deesse
2680 1579 2793 1621 ne÷

447 1663 712 1729 minem
795 1664 1108 1750 effugiet.
1204 1664 1716 1732 Desiderantur
1792 1667 2035 1748 verba,
2112 1666 2369 1752 quibus
2439 1665 2796 1751 quomodo

446 1770 796 1853 acciderit,
833 1782 912 1837 ut
940 1781 1241 1837 matrem
1264 1772 1637 1857 ignoraret
1668 1773 1905 1855 Arcas,
1938 1782 2350 1860 exponatur.
2446 1771 2797 1855 Lycaonis

446 1877 686 1943 fabula
756 1879 933 1943 haec
1003 1879 1268 1964 optime
1333 1878 1806 1945 illustrantur:
1855 1879 2207 1963 Lycaonis
2268 1879 2576 1945 facinore
2622 1900 2800 1964 puer

447 1993 754 2067 necatur,
804 2006 845 2050 a
882 1987 1051 2050 Iove
1099 1986 1188 2050 ad
1238 1985 1459 2051 vitam
1500 1986 1878 2070 reducitur,
1911 1986 2165 2052 deinde
2197 2024 2279 2035 -
2315 1986 2501 2072 quod
2539 1985 2799 2050 diserte

446 2092 798 2176 profertur
868 2129 944 2139 —
1015 2092 1295 2157 cuidam
1350 2093 1613 2179 pastori
1674 2093 1764 2158 ad
1822 2093 2265 2158 educandum
2313 2093 2546 2175 datur,
2617 2092 2800 2157 abit

446 2196 714 2282 igitur
762 2220 858 2263 ex
906 2200 1199 2265 matris
1248 2200 1533 2266 oculiS.
1629 2199 1909 2284 Quibus
1957 2221 2096 2285 qua
2144 2200 2416 2265 ratione
2464 2198 2799 2280 evenerit,

448 2313 530 2369 ut
574 2326 751 2390 puer
797 2305 1064 2372 inscius
1113 2316 1409 2373 matrem
1458 2307 1948 2388 insectaretur,
2007 2306 2312 2372 dilucide
2359 2305 2796 2372 describitur.

450 2416 610 2498 Qua
657 2433 731 2479 re
768 2410 1316 2488 Eratosthenem
1368 2415 1782 2482 coniunctas
1832 2435 2152 2481 narrasse
2199 2415 2475 2481 fabulas
2506 2432 2800 2497 'cense0,

449 2544 627 2609 quas
692 2545 835 2587 non
891 2522 1128 2608 ipsum
1182 2522 1285 2588 <ita
1343 2523 1852 2609 composuisse,
1922 2524 2042 2588 sed
2104 2546 2191 2588 ex
2242 2521 2559 2588 Hesiodo
2615 2540 2800 2605 quae

449 2629 873 2695 adscribitur
939 2629 1369 2695 astronomia
1439 2630 1762 2695 hausisse
1810 2630 2158 2696 Rehmius
2214 2628 2388 2695 mihi
2445 2628 2801 2715 persuasit

448 2737 642 2818 (diss.
691 2759 758 2823 p.
808 2733 893 2801 36
943 2742 1086 2822 sq.).

663 2844 771 2909 Ad
820 2844 1417 2928 cognoscendum,
1465 2866 1590 2909 cur
1636 2843 2097 2910 declinaverit
2145 2843 2446 2909 Ovidius
2495 2843 2581 2908 ab
2630 2842 2802 2907 Era-

451 2953 803 3036 tosthene,
867 2952 1043 3018 haec
1092 2952 1755 3019 Catasterismorum
1828 2950 2136 3017 narratio
2184 2949 2580 3016 accuratius
2642 2970 2805 3014 exa-

450 3051 785 3125 minanda
857 3068 1025 3125 erat.
1150 3061 1337 3124 Nam
1408 3058 1466 3124 si
1537 3066 1747 3144 poeta
1817 3079 1959 3123 non
2023 3057 2436 3123 coniunctas
2505 3055 2803 3141 legisset

448 3167 751 3247 fabulaS,
823 3189 945 3232 cur
1008 3188 1150 3231 non
1221 3166 1467 3231 eadem
1530 3165 1830 3246 ratione,
1900 3186 2040 3251 qua
2097 3165 2219 3251 qui
2276 3164 2803 3250 exscripserunt

453 3272 1010 3355 CatasterismoS,
1058 3272 1470 3359 simpliciter
1503 3273 1950 3359 exposuisset
1981 3270 2566 3357 descriptionem?
2655 3271 2803 3335 Sed

452 3380 637 3465 quod
673 3380 1026 3463 Lycaonis
1068 3380 1380 3445 fabulam
1415 3400 1576 3444 cum
1613 3379 1946 3445 Callistus
1979 3378 2467 3444 cohaerentem
2503 3377 2803 3459 invenit,

450 3478 784 3572 ‘quoniam
834 3486 922 3551 de
955 3489 1286 3570 Lycaone
1333 3486 1474 3552 iam
1524 3495 1736 3552 antea
1784 3487 1999 3552 verba
2046 3486 2322 3567 fecerat,
2370 3484 2553 3550 hanc
2599 3484 2805 3548 omit-

454 3603 608 3658 tens
655 3592 823 3679 ipse,
856 3602 938 3659 ut
968 3594 1310 3659 nonnulla
1343 3603 1414 3659 et
1450 3602 1758 3658 mutaret
1790 3601 1862 3659 et
1894 3592 2200 3674 adderet,
2234 3601 2341 3657 est
2373 3600 2801 3674 commotus3

453 3710 524 3766 et
588 3701 773 3786 quod
842 3703 1193 3783 Lycaonis
1256 3700 1524 3782 fabula,
1596 3721 1719 3765 cur
1786 3700 2144 3784 ignoraret
2206 3708 2502 3765 matrem
2563 3699 2804 3780 ArcaS,

452 3806 854 3889 declaravit,
891 3807 1197 3893 primum
1242 3807 1328 3873 ad
1363 3807 1538 3872 haec
1572 3806 1987 3892 exponenda
2022 3805 2159 3871 alia
2192 3804 2499 3871 narratio
2527 3805 2804 3869 Nasoni

457 3924 608 3979 erat
662 3914 1034 4000 fingenda:
1102 3914 1393 3981 Callisto
1443 3914 1805 3979 nondum
1851 3913 2529 3978 transformatam
2571 3910 2805 3975 filium

454 4021 811 4107 peperisse
877 4020 1109 4087 tradit.
1204 4023 1407 4105 Quae
1455 4042 1642 4102 cum,
1701 4030 1781 4085 ut
1829 4020 2296 4085 mutationem
2344 4018 2417 4083 in
2466 4018 2804 4083 idoneum

456 4138 735 4214 tempus
784 4128 1115 4210 differret,
1166 4126 1543 4210 efficerent,
1592 4147 1730 4191 non
1786 4127 2111 4208 Dianam,
2161 4125 2282 4191 sed
2334 4125 2544 4191 aliam
2594 4124 2803 4189 deam

455 4231 744 4300 Callisto
816 4236 1142 4301 efferasse
1207 4243 1459 4320 poetae
1516 4243 1666 4300 erat
1714 4232 2190 4315 scribendum,
2262 4232 2447 4318 quod
2499 4230 2810 4300 Latonia
