3123 4871
1296 244 1729 312 ..19-

332 464 717 531 inseruisse
750 474 957 551 puto,
1056 463 1334 547 Quibus
1382 472 1465 528 ut
1509 461 1685 527 haec
1732 460 1990 526 addam
2038 459 2275 525 liceat:
2332 459 2418 524 In
2469 459 2690 523 Meta·

335 571 834 658 morphosibus
883 570 1065 637 alius
1113 579 1327 656 atque
1374 567 1448 633 in
1499 566 1733 634 Fastis
1780 565 2264 653 Triptolemus
2312 585 2466 631 esse
2511 563 2688 630 mihi

337 679 641 745 videtur.
736 666 1078 744 Iu‘venem
1114 675 1354 757 enim,
1412 673 1532 760 qui
1582 673 1826 740 statim
1872 671 2065 759 regis
2112 671 2348 738 subire
2393 681 2688 759 penates

335 786 578 869 audet,
648 806 790 851 non
850 782 1368 870 Triptolemum
1416 780 1619 847 illum
1691 802 1845 846 esse
1893 800 2247 862 censeam,
2319 799 2527 866 quem
2577 779 2691 844 de-

335 892 581 959 scribit
627 900 839 978 poeta
887 891 957 956 in
1011 880 1246 956 Fa'stis
1293 890 1419 969 (IV
1452 883 1585 953 509
1618 891 1744 974 sq.)
1791 886 2019 953 filium
2070 886 2277 970 seniS,
2325 886 2446 973 qui
2503 888 2506 891 ’

659 1046 677 1064 .
724 1050 738 1063 .
789 1018 804 1063 4
854 1047 872 1064 .
920 998 1210 1062 domu'm
1262 994 1561 1080 glandes
1610 1013 2048 1079 excussaque
2096 1015 2294 1061 mora
2339 994 2637 1061 rubetis.

755 1106 997 1170 Portat
1044 1112 1125 1179 et,
1162 1101 1422 1167 ar‘suris
1470 1100 1669 1167 arida
1714 1099 1915 1186 ligna
1958 1099 2155 1166 focis,

554 1214 637 1277 In
677 1208 1371 1296 Metamorphosibus
1418 1206 1644 1293 igitur
1689 1206 1808 1271 ille
1839 1205 2322 1292 Triptolemus
2359 1208 2689 1274 celebrari

342 1318 517 1385 mihi
551 1318 850 1400 videtur,
899 1317 987 1382 de
1034 1337 1175 1402 quo
1210 1314 1677 1400 Apollodorus
1727 1313 1914 1396 (bibl.
1950 1315 1982 1378 1
2017 1309 2102 1377 31
2130 1313 2470 1401 Wagner)
2512 1337 2694 1381 com-

343 1435 715 1506 memorat,
787 1424 980 1490 filius
1029 1421 1218 1489 Celei
1264 1407 1485 1506 regis,
1556 1442 1728 1504 non,
1795 1430 1877 1486 ut
1922 1419 1997 1484 in
2046 1419 2304 1503 Fastis,
2369 1423 2692 1508 pastoris

349 1535 509 1598 Hac
555 1553 630 1597 re
677 1526 973 1597 fortasse
1021 1527 1307 1594 adducti
1349 1527 1729 1593 Heinsium
1774 1526 1999 1592 secuti
2034 1527 2359 1593 nonnulli
2393 1528 2695 1595 editores

339 1639 420 1705 in
474 1659 686 1705 versu
739 1634 869 1703 645
916 1658 1043 1723 pro
1093 1635 1167 1700 in
1227 1635 1579 1700 Tritonida
1625 1634 1854 1698 urbem
1913 1634 2168 1719 legunt
2222 1635 2294 1698 in
2351 1635 2697 1699 Tritonida

343 1767 582 1810 arcem.
1318 1826 1348 1837 ..

559 1851 699 1919 Sed
745 1851 925 1916 haec
969 1858 1158 1916 certe
1198 1848 1569 1915 diiudicari
1602 1869 1744 1913 non
1779 1868 1984 1934 posse
2020 1849 2264 1915 fateor.
2358 1850 2698 1916 Attamen

346 1959 434 2025 de
481 1955 1012 2025 diversitatibus
1060 1977 1276 2042 supra
1323 1953 1696 2041 explicatis
1744 1953 2037 2020 dubium
2083 1975 2236 2021 esse
2269 1975 2413 2020 non
2444 1965 2697 2042 potest.

457 2105 463 2112 ·
564 2046 842 2148 Quibus
889 2062 1288 2149 disputatis,
1337 2071 1421 2129 ut
1464 2061 1776 2128 breviter
1823 2061 2175 2146 colligam,
2223 2061 2400 2129 haec
2442 2085 2557 2129 me
2589 2064 2701 2129 de-

345 2182 777 2239 monstrasse
809 2192 1038 2258 spero:
1078 2169 1379 2236 Ovidius
1411 2169 1498 2234 de
1532 2169 1991 2255 Proserpinae
2023 2179 2226 2251 raptu
2262 2179 2335 2236 et
2364 2170 2595 2238 reditu
2631 2184 2703 2239 et

295 2323 302 2329 -
336 2280 425 2357 ‚in
460 2278 691 2345 Fastis
739 2286 811 2344 et
841 2277 915 2343 in
952 2275 1643 2363 Metamorphosibus
1680 2276 1893 2342 verba
1925 2276 2191 2342 faciens
2226 2278 2473 2344 eodem
2507 2279 2700 2345 fonte

349 2407 521 2453 usus
569 2394 696 2453 est.
772 2386 886 2464 ,At
925 2384 1000 2450 in
1035 2382 1728 2470 Metamorphosibus
1777 2382 1850 2448 in
1894 2382 2138 2470 primis
2179 2393 2510 2452 naturam
2544 2385 2703 2453 libri

351 2493 732 2579 respiciens
803 2492 1079 2557 fabulas
1150 2491 1237 2556 de
1304 2490 1821 2557 mutationibus
1887 2490 2176 2576 longius
2244 2492 2579 2559 tractavit
2635 2505 2705 2560 et

350 2599 663 2686 saepiuS,
719 2608 801 2664 ut
847 2596 1215 2664 materiam
1267 2596 1560 2664 consilio
1609 2618 1738 2663 suo
1786 2598 2303 2682 accomodaret,
2362 2601 2703 2666 nonnulla

351 2716 427 2773 et
471 2706 622 2792 ipse
668 2704 883 2770 finxit
929 2713 1001 2769 et
1047 2703 1334 2770 aliunde
1382 2703 1674 2769 addidit.

568 2811 913 2906 Quisnam
986 2811 1197 2877 fuerit
1265 2810 1383 2876 hic
1451 2811 1639 2893 fonS,
1725 2809 2261 2877 Krassowskius
2320 2814 2704 2898 perpaucis

355 2928 635 2986 tantum
686 2927 1218 2983 commemorat:
1290 2918 1601 2983 dubitari
1644 2941 1780 2982 non
1816 2924 2057 3003 potest,
2110 2919 2279 3003 quin
2337 2920 2398 2983 is
2455 2921 2532 2983 in
2580 2944 2706 2985 nu-

350 3048 537 3091 mero
580 3025 1233 3089 Alexandrinorum
1269 3030 1627 3109 poetarum
1651 3026 1904 3109 fuerit.
2001 3024 2261 3092 Contra
2296 3024 2708 3094 Foersterus

350 3132 574 3199 alium
618 3131 693 3196 in
724 3129 1430 3217 MetamorphosibuS,
1479 3131 1696 3196 alium
1731 3131 1804 3195 in
1845 3131 2078 3198 Fastis
2111 3153 2263 3198 esse
2294 3132 2709 3218 adhibitum,

355 3240 494 3305 hoc
538 3238 613 3303 in
659 3237 838 3304 libro
886 3233 1420 3320 Callimachum,
1469 3237 1543 3303 in
1590 3237 1712 3302 illo
1761 3237 2221 3322 Nicandrum,
2272 3242 2709 3308 contendens

354 3345 469 3410 his
539 3344 979 3430 argumentis
1048 3343 1301 3409 nititur
1357 3343 1422 3425 (1.
1473 3365 1528 3411 c.
1574 3365 1640 3430 p.
1684 3339 1827 3423 85):
1907 3344 2015 3409 Ad
2077 3345 2706 3415 demonstrandum

355 3451 717 3517 Nicandro
765 3471 975 3516 usum
1025 3472 1177 3517 esse
1224 3459 1510 3535 poetam
1559 3450 2105 3518 Sulmonensem
2151 3463 2433 3538 praeter
2481 3465 2708 3522 cetera

344 3557 673 3644 exponit:
725 3549 1391 3623 Ubereinstimmend
1416 3558 1510 3622 ist
1539 3559 1652 3622 die
1674 3559 2219 3645 IIervorlzebzmg
2247 3561 2369 3625 der
2389 3563 2712 3627 Veilclzm

358 3667 455 3729 im
502 3666 870 3749 Gegensatz
912 3687 1037 3729 zur
1079 3665 1415 3729 attisclzen
1448 3666 1773 3730 Narzisse
1822 3653 1927 3728 bei
1957 3645 2078 3729 der
2104 3668 2549 3754 Anthologie,
2602 3672 2714 3734 die

354 3771 763 3856 Erzc'z'lzlung
803 3792 932 3835 von
981 3772 1103 3834 der
1143 3772 1459 3836 Einkelzr
1503 3773 1599 3835 im
1645 3775 1885 3836 Haase
1933 3773 2053 3838 der
2088 3774 2353 3842 M‘sme
2401 3777 2555 3839 und
2594 3778 2717 3841 der

356 3878 893 3962 Vemandlung
958 3878 1072 3942 des
1134 3879 1506 3943 Ascalabos
1576 3880 1652 3943 in
1726 3879 1878 3943 eine
1930 3880 2279 3954 Eidechse,
2353 3904 2494 3945 nur
2563 3884 2715 3948 dass

354 3983 559 4047 ‘Ovicl
605 3985 804 4048 keinc
851 3985 1126 4047 Numen
1186 3991 1418 4050 neunt.
1515 3985 1723 4068 Quod
1782 3984 2006 4052 violas
2055 3992 2715 4058 commemoraverit

358 4100 591 4177 poeta,
657 4112 868 4156 causa
928 4113 1069 4155 non
1128 4101 1253 4175 est,
1325 4102 1405 4158 ut
1460 4092 1902 4158 Nicandrum
1959 4093 2226 4159 fontem
2294 4094 2715 4181 habeamus;

362 4219 528 4264 nam
608 4196 820 4263 etiam
900 4196 974 4261 in
1040 4197 1288 4281 Fastis,
1349 4199 1487 4275 ‚ubi
1557 4198 1918 4268 Nicandro
1997 4208 2276 4285 poetam
2358 4222 2499 4266 non
2563 4225 2715 4271 esse
