3123 4871
1414 266 1934 352 -26—'

466 499 749 566 Zodiaci
826 498 1054 587 signa.
1152 499 1361 584 Quod
1438 501 1871 587 permultum
1949 500 2187 567 valere
2265 499 2440 565 mihi
2510 499 2849 587 videtur3

461 616 755 694 apparet
821 606 1009 673 enim
1075 606 1385 694 primum
1435 606 1962 676 Eratosthenici
2027 605 2259 693 operis
2314 629 2390 673 re
2436 627 2606 673 vera
2654 606 2851 693 Epi-

466 723 705 780 tomen
752 713 1087 799 praebere
1120 712 1470 799 reliquias,
1502 712 1757 779 deinde
1788 722 1977 779 recte
2011 712 2402 779 Robertum
2437 712 2858 779 coniecisse:

459 820 776 886 ordinem
812 819 1435 889 Eratosthenicum
1478 820 1734 905 'postea
1782 841 1933 885 esse
1979 819 2491 906 perturbatum,
2535 828 2615 885 ut
2647 829 2849 886 tam-

464 948 678 1015 quam
745 925 1314 1012 mythologicum
1385 926 1459 991 in
1516 927 1815 992 Aratum
1888 926 2547 991 commentariolum
2617 925 2847 992 fieret

457 1055 656 1120 opuS.
755 1036 920 1098 Non
987 1041 1175 1098 recte
1240 1033 1464 1118 igitur
1512 1031 1901 1097 Maassium
1960 1031 2308 1097 iudicasse
2364 1031 2838 1117 perspicuum

459 1149 582 1222 est,
643 1139 784 1226 qui·
812 1139 1010 1206 dicit:
1099 1141 1269 1203 Cum
1320 1140 1592 1203 condita
1641 1140 1968 1223 quaedam
2018 1145 2189 1203 esset
2207 1139 2621 1223 fabularum
2671 1161 2839 1202 con-

459 1247 680 1319 lectz‘O,
732 1269 933 1331 quam
979 1269 1179 1331 aegre
1199 1247 1512 1331 ferimus
1559 1251 1628 1309 et
1668 1251 1942 1309 auctore
1988 1251 2057 1309 et
2101 1250 2277 1309 certo
2318 1267 2543 1309 carere
2575 1250 2837 1330 tempo-

457 1377 535 1418 re
582 1406 595 1418 .
646 1405 658 1418 .
707 1405 721 1419 .
771 1406 784 1418 .
833 1357 1020 1419 Nam
1070 1376 1213 1420 non
1260 1353 1681 1439 ignoramus
1714 1361 2075 1418 auctorem
2111 1351 2305 1417 illius
2340 1351 2833 1436 conlectionis,

459 1481 676 1547 quam
733 1460 1078 1546 interpres
1139 1459 1481 1526 mutavit:
1543 1458 2058 1528 Eratosthenes
2103 1458 2264 1540 fuit,
2322 1468 2403 1523 ut
2447 1458 2662 1523 index
2706 1457 2836 1523 de-

455 1576 828 1634 monstrat.
923 1568 1063 1633 Sed
1111 1566 1397 1652 longius
1432 1575 1539 1631 est
1570 1564 2188 1652 progrediendum.
2283 1565 2361 1631 Si
2395 1564 2553 1650 quis
2588 1573 2829 1631 totum

457 1674 989 1744 Eratosthenici
1061 1673 1220 1738 libri
1291 1672 1611 1739 ordinem
1682 1672 2145 1758 permutavit,
2215 1681 2298 1737 ut
2367 1672 2442 1736 in
2514 1673 2823 1736 Aratum

457 1780 1045 1846 commentarium
1093 1780 1405 1863 haberet,
1454 1778 1764 1845 eundem
1815 1778 2030 1845 etiam
2080 1779 2306 1844 multa
2338 1779 2424 1843 ad
2461 1777 2825 1844 declaran-

455 1886 625 1952 dum
676 1886 877 1953 Arati
935 1908 1113 1972 opus
1173 1886 1526 1952 addidisse
1584 1887 1741 1951 luce
1799 1885 2056 1951 clarius
2105 1907 2256 1951 esse
2305 1885 2480 1950 mihi
2529 1884 2823 1970 quidem

454 1993 757 2060 videtur.
854 1996 1109 2079 Itaque
1175 1994 1417 2076 verba,
1487 2014 1670 2078 quae
1741 1992 1828 2057 ad
1879 1992 2077 2057 Arati
2146 2013 2400 2077 poema
2474 2003 2820 2077 spectant,

456 2099 810 2187 quomodo
870 2100 946 2165 in
994 2099 1491 2169 Eratosthenis
1538 2099 1797 2164 librum
1845 2098 2272 2184 inrepserint
2317 2098 2649 2163 facillime
2696 2098 2812 2162 de-

456 2208 779 2289 claratur,
825 2216 896 2272 et
941 2206 1028 2271 de
1062 2206 1581 2272 Catasterismis
1622 2207 1755 2271 hoc
1797 2215 1904 2271 est
1943 2205 2432 2271 iudicandum:
2477 2205 2823 2272 Servatus

458 2323 566 2379 est
632 2312 911 2378 libellus
968 2313 1055 2378 de
1113 2313 1422 2379 siderum
1480 2312 1738 2378 fabulis
1786 2312 1917 2377 sub
1965 2312 2252 2377 nomine
2302 2311 2820 2380 Eratosthenis,

461 2423 569 2486 Re
617 2442 787 2486 vera
821 2418 1345 2487 Eratosthenici
1393 2419 1623 2506 operis
1671 2418 2005 2506 reliquias
2047 2419 2303 2485 referre
2335 2419 2528 2483 hunc
2558 2417 2822 2484 librum

461 2527 741 2593 scimus,
841 2527 1030 2593 Ordo
1080 2526 1365 2612 quidem
1407 2527 1865 2613 perturbatus
1911 2536 2020 2592 est
2063 2526 2151 2591 ab
2186 2526 2386 2591 Arati
2420 2525 2822 2611 interprete,

455 2634 583 2720 qui
655 2633 868 2699 etiarn
941 2633 1113 2716 alia,
1186 2655 1366 2720 quae
1411 2635 1712 2699 Aratum
1783 2633 2202 2719 respiciunt,
2271 2632 2562 2699 addidit.
2658 2633 2822 2714 Qua

454 2742 542 2806 de
586 2762 798 2806 causa
831 2740 943 2805 his
978 2739 1477 2805 additamentis
1510 2739 1784 2805 innisus
1819 2762 2027 2805 nemo
2051 2738 2313 2825 poterit
2338 2739 2822 2804 demonstrare

455 2856 692 2914 totum
741 2847 1079 2929 libellum,
1129 2868 1338 2932 quem
1388 2868 1518 2911 nos
1566 2855 1908 2928 tenemuS,
1943 2846 2234 2911 omnino
2269 2868 2412 2910 non
2447 2846 2821 2911 cohaerere

456 2976 617 3021 cum
669 2954 1172 3043 Eratosthene,
1244 2952 1367 3018 sed
1439 2975 1547 3034 ea,
1620 2974 1801 3039 quae
1869 2953 1955 3018 ad
2007 2955 2305 3019 Aratum
2355 2955 2705 3038 spectant,
2775 2974 2822 3018 a

454 3060 748 3148 reliquis
807 3070 1217 3147 separantes
1266 3060 1765 3130 Eratosthenis
1824 3080 2003 3146 opus
2062 3059 2434 3126 restituere
2483 3053 2821 3124 conemur

454 3168 830 3254 oportebit.
928 3170 1089 3254 Ipse
1126 3167 1475 3234 Maassius
1510 3166 2005 3237 Eratosthenis
2039 3166 2371 3252 reliquias
2408 3164 2818 3231 Catasteris-

453 3274 591 3339 mis
638 3275 904 3341 servari
950 3275 1094 3340 iam
1142 3297 1285 3340 non
1335 3275 1662 3361 negavit,
1725 3283 2040 3340 attamen
2090 3274 2268 3339 nihil
2319 3274 2457 3339 nisi
2506 3274 2818 3338 siderum

458 3381 823 3466 catalogos
872 3382 1422 3448 Eratosthenem
1473 3381 1863 3467 scripsisse,
1925 3380 2586 3448 Catasterismorum
2636 3400 2818 3444 com-

454 3488 831 3574 pilatorem
905 3511 1023 3554 eos
1095 3487 1504 3554 adhibuisse
1578 3488 1943 3555 contendit
2011 3488 2085 3553 in
2152 3486 2498 3553 auxilium
2548 3507 2813 3552 vocans

453 3595 670 3660 verba
720 3594 979 3660 codicis
1015 3595 1458 3678 BasileensiS,
1508 3616 1689 3681 quae
1721 3596 2020 3661 barbaro
2053 3616 2377 3660 sermone
2408 3593 2516 3658 bis
2552 3592 2811 3657 tradita

455 3711 625 3767 sunt
673 3700 806 3766 ita:

456 3825 952 3916 Eratosthenis
1010 3826 1097 3892 de
1162 3826 1341 3926 circa
1391 3829 1585 3891 exor‘-
1674 3826 2207 3896 'Eratosthenes
2239 3824 2327 3890 de
2363 3823 2821 3890 exornatione

544 3933 833 3999 natione
880 3933 1242 3998 stellarum
1285 3944 1356 3999 et
1389 3934 1584 4017 ethy-
1785 3943 1856 3999 et
1919 3932 2351 4019 proprietate
2415 3924 2820 3997 sermonum

544 4039 858 4125 mologia
908 4038 995 4105 de
1044 4039 1300 4125 quibus
1342 4040 1584 4106 viden·
1782 4039 2037 4125 quibus
2085 4039 2437 4106 videntur.

545 4157 679 4213 tur.
