3123 4871
1292 292 1737 361 ..25-

566 510 737 575 Cum
785 510 1056 574 condita
1105 510 1432 595 quaedam
1480 514 1653 575 esset
1664 509 2079 595 fabularum
2114 508 2456 580 conlectio,
2494 529 2695 593 quam

335 638 540 703 aegre
581 616 894 702 ferimus
958 621 1028 680 et
1091 621 1365 681 auctore
1420 622 1490 680 et
1533 621 1710 681 certo
1755 638 1983 681 carere
2028 621 2346 701 tempore,
2415 636 2601 679 anno
2647 636 2696 678 c.

338 747 462 789 100
497 731 568 808 p.
610 723 669 786 C
665 723 765 787 br.
815 745 879 786 n.
929 722 1207 787 exstitit
1249 723 1376 808 qui
1413 723 1634 787 simul
1676 745 1828 786 cum
1875 723 2001 787 hac
2038 722 2220 787 alias
2250 722 2332 786 de
2358 721 2699 786 sideribus

336 830 773 893 narrationes
829 835 898 894 et
938 829 1300 893 stellarum
1348 829 1613 893 indices
1660 829 1737 893 in
1784 851 2004 893 unum
2054 833 2441 914 congereret
2485 828 2696 892 inter-

319 945 492 1023 pres
534 937 859 1000 Atatem.

254 1125 260 1133 υ
553 1039 892 1109 Defendit
924 1042 1337 1125 Robertum,
1383 1041 1505 1129 qui
1550 1041 1706 1129 ipse
1751 1041 2180 1109 sententiam
2212 1061 2413 1108 suam
2447 1047 2697 1127 postea

336 1147 692 1228 abiecit‚³)
747 1158 1026 1236 praeter
1082 1158 1351 1215 ceteros
1400 1146 1846 1235 RehmiuS‚⁴)
1901 1147 2012 1215 cui
2070 1146 2329 1214 iterum
2384 1145 2699 1214 oblocuti

339 1264 515 1321 sunt
561 1254 912 1322 Maassius
929 1253 983 1341 ⁵)
1030 1264 1104 1321 et
1147 1253 1567 1336 ThieleuS.⁶)
1637 1257 1858 1321 Recte
1904 1253 1993 1319 de
2026 1253 2311 1320 Rehmii
2357 1252 2699 1340 opusculo

334 1360 688 1428 iudicasse
754 1360 929 1428 mihi
996 1361 1281 1428 videtur
1328 1359 1836 1444 Ehwaldius;⁷)
1900 1381 2067 1427 nam
2136 1369 2210 1426 et
2255 1359 2564 1426 Massius
2627 1368 2701 1425 et

336 1465 678 1535 Thieleus
726 1468 985 1534 mirum
1032 1466 1109 1533 in
1155 1468 1448 1535 modum
1495 1466 1779 1534 silentio
1824 1467 1970 1534 iere
2001 1474 2473 1553 praetereunt,
2505 1465 2694 1551 quod

337 1574 670 1661 equidem
739 1574 1001 1641 summi
1067 1575 1409 1642 momenti
1477 1597 1632 1641 esse
1700 1595 1986 1642 censeo:
2034 1572 2382 1640 Rehmius
2429 1570 2698 1658 optime

338 1680 657 1747 ostendit
703 1681 1096 1748 Robertum
1154 1680 1543 1748 rectissime
1610 1701 1765 1748 esse
1819 1679 2257 1767 suspicatum
2316 1701 2405 1745 ex
2452 1679 2701 1748 Erato-

343 1786 619 1854 sthenis
689 1809 899 1874 opere
969 1787 1302 1874 reliquias
1372 1787 1605 1854 inesse
1673 1787 1747 1853 in
1816 1787 2023 1870 libro,
2093 1806 2303 1874 quem
2362 1785 2697 1872 Epitome

337 1893 748 1980 appellavit.
845 1894 1319 1961 Inveniuntur
1366 1894 1556 1961 enim
1605 1894 1968 1961 nonnullis
2015 1893 2190 1960 locis
2237 1892 2470 1975 verba,
2513 1912 2697 1978 quae

342 2001 850 2087 Catalogorum
867 2004 916 2079 8)
984 1999 1302 2068 ordinem
1373 2001 1867 2087 perturbatum
1937 2021 2093 2066 esse
2165 2007 2248 2067 ut
2315 1997 2695 2065 concludas

339 2118 632 2192 cogunt.
727 2108 931 2190 Quae
978 2107 1301 2176 afferam:

555 2214 746 2301 Epit.
797 2235 946 2301 cap.
991 2215 1160 2282 XV:
1217 2202 1412 2294 οὗτος
1456 2219 1577 2297 (sc,
1630 2206 1666 2279 ὁ
1701 2211 2001 2305 Κηφεύς)
2047 2214 2117 2280 ἐν
2161 2212 2348 2295 τάξει
2389 2212 2696 2280 τέτακται

334 2320 667 2407 τέταρτος.

554 2427 744 2515 Epit.
818 2450 968 2515 cap.
1036 2429 1309 2497 XXIV:
1377 2420 1541 2519 αὕτη
1592 2432 1711 2509 (sc.
1763 2419 1802 2517 ἦ
1848 2425 2080 2516 Λύρα)
2125 2426 2321 2519 ἐνάτη
2368 2432 2580 2495 κεῖται
2631 2427 2701 2494 ἐν

334 2541 480 2613 τοῖς
525 2523 823 2622 ἷίστροις.

558 2641 752 2729 Epit.
788 2664 937 2729 cap.
964 2644 1176 2714 XLII
1209 2636 1295 2709 τὰ
1328 2642 1402 2709 δὲ
1433 2636 1601 2727 μετὰ
1635 2649 1844 2709 ταῦτα
1877 2644 2126 2732 γίνεται
2161 2643 2229 2709 ἐν
2258 2646 2352 2732 τῷ
2378 2641 2697 2729 ζωδιακῷ.

555 2749 832 2833 Quibus
911 2749 1489 2817 adnotationibus
1570 2751 1803 2817 lucem
1883 2750 2128 2817 attulit
2195 2747 2697 2819 Eratosthenis

336 2854 501 2921 libri
548 2855 781 2938 indeX‚
826 2878 1037 2942 quem
1074 2857 1297 2923 edidit
1325 2856 1672 2924 Maassius
1703 2857 1779 2923 in
1811 2878 2040 2944 opere,
2071 2857 2261 2944 quod
2293 2855 2699 2922 inscribitur

335 2961 616 3045 Aratea,
634 2967 685 3042 ⁹)
753 2962 874 3029 ubi
942 2963 1283 3048 leguntur
1348 2963 1579 3031 sidera
1646 2964 1893 3031 eodem
1955 2963 2199 3031 ordine
2265 2970 2697 3052 enumerata,

341 3089 556 3155 quem
626 3067 995 3155 attingunt
1065 3070 1434 3157 Epitomes
1504 3070 1745 3137 verba:
1831 3070 2152 3139 invenies
2221 3079 2475 3157 quarto
2542 3070 2698 3135 loco

337 3174 732 3261 Cepheum,
798 3197 986 3242 nono
1054 3174 1345 3261 Lyram,
1409 3188 1572 3263 post
1641 3177 2021 3264 Procyonis
2087 3176 2285 3242 sidus
2352 3177 2698 3262 leguntur

559 3358 610 3435 3)
658 3360 1160 3427 Preller-Robert,
1208 3360 1452 3418 Griech.
1500 3359 1753 3435 Mythol.
1800 3361 1829 3417 I
1876 3360 2042 3429 225.

556 3447 823 3523 ⁴)Albe1t
867 3449 1082 3517 Rehm‚
1115 3449 1683 3525 Mythographische
1716 3449 2260 3525 Untersuchungen
2292 3451 2447 3507 iiber
2476 3450 2699 3525 griech.

300 3537 717 3612 ·Sternsagen.
809 3538 1116 3595 Miinchen
1171 3535 1338 3598 1896
1386 3532 1476 3620 (in
1523 3539 1919 3614 sequentibus
1965 3539 2034 3596 R.
2083 3539 2222 3596 diss.
2269 3534 2548 3621 notabo).

559 3625 610 3695 ⁵)
654 3625 966 3684 Deutsche
1013 3627 1218 3684 Litter.
1266 3628 1414 3684 Zeit.
1469 3626 1657 3692 1897,
1712 3625 1834 3688 169
1884 3647 1971 3703 sq.

557 3713 607 3790 ⁶)
656 3715 1140 3774 Wochenschrift
1184 3715 1276 3773 fur
1323 3718 1496 3774 class.
1543 3718 1752 3775 Philol.
1807 3715 1994 3784 1897,
2049 3717 2209 3776 1111
2265 3736 2353 3793 sq.

557 3803 602 3876 ⁷)
649 3806 991 3880 Jahresber.
1032 3808 1134 3863 iib.
1177 3806 1235 3867 d.
1269 3806 1567 3864 Fortschr.
1608 3807 1667 3863 d.
1700 3808 1873 3864 class.
1904 3807 2383 3865 Altertumswiss.
2426 3807 2539 3864 vol.
2572 3805 2694 3866 109

330 3913 395 3968 p.
446 3890 594 3951 247.
694 3893 895 3952 Etiam
950 3894 1303 3952 Franciscus
1350 3894 1482 3953 Boll
1537 3896 1598 3952 in
1655 3896 1807 3953 libro
1866 3895 1971 3971 qui
2028 3895 2369 3954 inscribitur
2426 3895 2697 3969 Sphaera

332 3980 612 4058 (Leipzig
665 3982 860 4059 1903)
906 3982 1162 4042 Rehmio
1211 3984 1534 4042 assentitur
1579 4004 1638 4060 p.
1686 3983 1769 4044 97
1819 3986 1957 4042 adn.
2005 3984 2064 4044 2.

556 4070 610 4146 8)
654 4071 854 4129 Etiam
919 4073 979 4129 in
1048 4074 1443 4148 sequentibus
1511 4072 1927 4132 Eratosthenis
1995 4075 2214 4132 librum
2286 4072 2688 4148 „Catalogos“

330 4158 687 4227 nominabo,
718 4179 1091 4237 quamquam
1124 4163 1308 4220 alium
1341 4163 1578 4220 titulum
1612 4164 1907 4239 integrum
1941 4181 2093 4239 opus
2127 4163 2411 4219 habuisse
2439 4170 2694 4221 constat.

557 4247 603 4323 ⁹)
653 4250 858 4312 Philol.
909 4251 1268 4309 Untersuch.
1315 4251 1428 4308 XII
1474 4251 1623 4313 377.
