3123 4871
1427 286 1863 355 ‚52-

679 501 957 584 Quibus
1006 502 1280 568 collatis
1328 523 1539 588 quam
1588 524 1850 591 paucas
1897 504 2181 571 fabulae
2212 514 2450 590 partes
2483 514 2830 590 quattuor

465 607 539 673 hi
605 608 978 694 scriptores
1046 609 1292 675 eodem
1350 610 1561 676 modo
1610 610 2057 696 protulerint,
2128 610 2372 677 statim
2420 610 2823 697 intellegeS.

465 717 652 781 Nam
710 737 785 781 re
840 737 1011 782 vera
1057 715 1236 781 nihil
1284 716 1421 782 nisi
1469 716 1647 782 haec
1694 739 1941 783 omnes
1987 716 2139 803 pari
2186 717 2396 783 modo
2443 718 2828 804 praebent:

465 821 785 909 Iuppiter
841 822 1132 888 Callisto
1201 824 1645 909 compressit,
1711 832 1956 909 postea
2017 823 2090 889 in
2158 824 2435 889 stellam
2487 824 2825 908 mutavit,

465 949 645 1013 quae
701 950 868 994 ursa
922 928 1148 997 maior
1202 931 1619 1016 appellatur.
1672 930 1874 1013 Quae
1938 951 2098 995 cum
2145 929 2247 995 ita
2295 951 2336 995 a
2384 930 2832 1011 Callimacho

467 1056 619 1100 esse
666 1043 950 1101 narrata
997 1035 1265 1101 scholia
1313 1036 1401 1101 ad
1451 1036 1748 1101 Iliadem
1800 1037 2199 1107 ostendant,
2246 1045 2515 1103 ceteros
2561 1022 2699 1102 hac
2748 1037 2829 1102 in

465 1151 665 1227 parte
742 1142 1022 1208 fabulae
1100 1143 1394 1209 eandem
1472 1143 1847 1225 formam,
1929 1164 2140 1228 quam
2214 1143 2549 1210 tractavit
2616 1142 2835 1209 Calli-

464 1247 790 1331 machuS,
859 1270 1140 1315 servare
1212 1260 1525 1335 apparet.
1620 1252 1872 1335 Neque
1942 1270 2111 1316 vero
2178 1250 2355 1315 haec
2402 1260 2546 1316 tam
2595 1270 2834 1335 parva

465 1355 651 1420 inter
733 1376 851 1421 eos
937 1366 1008 1422 et
1083 1355 1597 1422 Callimachum
1679 1355 2147 1442 congruentia
2229 1377 2515 1422 causam
2613 1356 2834 1422 nobis

467 1471 704 1546 potest
787 1462 1148 1549 praebere,
1258 1461 1332 1527 ni
1410 1463 1638 1545 fallor,
1740 1473 1822 1528 ut
1909 1484 1996 1527 ex
2088 1462 2200 1528 his
2298 1472 2443 1528 tam
2522 1462 2834 1529 diversis

465 1567 989 1634 narrationibus
1069 1569 1412 1634 nonnulla
1492 1578 1949 1654 excerpentes
2022 1568 2432 1635 Callimachi
2504 1569 2827 1634 fabulam

466 1675 946 1742 restituamus.
1042 1674 1382 1740 Franzius
1430 1674 1712 1760 quidem
1760 1685 2252 1761 praeterquam
2302 1674 2487 1760 quod
2537 1697 2579 1741 a
2626 1674 2837 1741 scho-

465 1782 674 1848 liasta
750 1791 823 1848 et
901 1781 1251 1847 Pausania
1330 1784 1604 1864 Iovem,
1707 1782 1795 1847 ab
1873 1782 2300 1868 Apollodoro
2376 1792 2449 1849 et
2520 1781 2835 1853 Libanio

456 1891 821 1954 iunonem
859 1887 1148 1954 Callisto
1194 1898 1507 1954 mutasse
1539 1888 1955 1974 proferatur,
1989 1887 2238 1954 ceteris
2272 1888 2602 1954 omnibus
2636 1889 2832 1954 inter

471 2017 546 2061 se
594 1995 962 2062 concinere
1011 1994 1396 2061 contendit.
1489 1995 1828 2060 Attamen
1876 1995 2065 2081 apud
2103 1994 2527 2060 Pausaniam
2558 1992 2836 2061 Mercu-

470 2103 682 2185 rium,
753 2102 941 2189 apud
993 2101 1501 2187 Apollodorum
1550 2104 1798 2168 Iovem
1869 2101 2100 2167 filium
2172 2124 2261 2166 ex
2328 2101 2573 2168 matris
2622 2110 2835 2168 utero

469 2208 807 2295 eripuisse
863 2207 1190 2293 legimus.
1287 2208 1419 2276 Vel
1477 2209 1779 2273 eiusdem
1816 2209 2095 2293 generis
2139 2207 2597 2291 narrationeS,
2646 2229 2833 2292 quas

471 2315 789 2401 seiungit
821 2315 1181 2398 FranziuS,
1212 2315 1398 2381 inter
1429 2338 1504 2381 se
1537 2315 1972 2401 discrepant:
2008 2315 2354 2386 Libanius
2385 2314 2816 2380 Mercurium

471 2422 939 2510 Apollodorus
1019 2421 1283 2489 Maiam
1361 2445 1661 2510 puerum
1744 2423 2081 2489 educasse
2161 2423 2471 2489 tradunt.
2573 2424 2832 2506 Itaque

471 2551 633 2599 cum
680 2529 1160 2596 diversissima
1207 2530 1598 2616 praebeant
1645 2540 1982 2616 quattuor
2028 2530 2164 2595 hae
2210 2529 2675 2611 narrationeS,
2734 2551 2832 2594 ex

471 2638 559 2703 iis
648 2637 1000 2722 quomodo
1081 2636 1556 2705 Callimachus
1646 2637 1962 2703 fabulam
2052 2636 2462 2722 exposuerit,
2545 2636 2829 2702 restitui

470 2766 678 2831 posse
749 2743 1075 2829 equidem
1148 2744 1461 2830 despero.
1556 2747 1742 2810 Nam
1815 2743 2111 2809 aliorum
2183 2764 2460 2828 quoque
2517 2741 2831 2827 vestigia

464 2852 657 2938 ¹apud
706 2850 838 2917 hos
885 2850 1258 2937 scriptores
1306 2850 1610 2931 inveniri
1658 2850 1810 2936 ipse
1843 2849 2182 2917 Franzius
2215 2849 2560 2932 concedit3
2610 2870 2832 2934 quare

472 2981 650 3043 quae
707 2980 795 3023 ex
843 2956 1019 3040 aliis,
1068 2978 1247 3042 quae
1295 2979 1382 3022 ex
1433 2956 1867 3023 Callimacho
1914 2957 2060 3022 sint
2104 2956 2405 3022 haustae
2439 2955 2832 3022 diiudicare

473 3087 615 3131 non
675 3084 1069 3152 possumus
1166 3066 1271 3132 Ut
1316 3066 1721 3150 exemplum
1772 3064 2100 3129 afferam:
2151 3063 2267 3132 Ex
2314 3063 2561 3129 eodem
2611 3063 2829 3144 fonte,

474 3173 592 3257 qui
625 3174 869 3238 Iovem
918 3170 1163 3256 ipsum,
1203 3172 1743 3237 transformasse
1777 3169 2070 3237 Callisto
2119 3169 2511 3252 nuntiabat,
2545 3168 2832 3255 Apollo-

474 3278 686 3344 dorus
764 3298 1043 3344 sumere
1092 3277 1357 3363 ,potuit
1434 3277 1649 3343 etiam
1727 3276 2291 3342 additamentum
2373 3276 2665 3341 Callisto
2748 3296 2829 3340 se

474 3384 963 3470 virginitatem
1033 3394 1475 3450 servaturam
1541 3383 1835 3450 iurasse.
1930 3381 2205 3448 Tamen
2275 3382 2413 3446 hoc
2484 3380 2831 3447 Franzius

477 3488 909 3559 Callimacho
956 3489 1222 3573 tribuit,
1271 3490 1447 3555 illud
1495 3490 1829 3574 abnegat.
1885 3527 1886 3530 π

689 3599 938 3683 Itaque
985 3597 1059 3662 in
1107 3596 1543 3664 restituenda
1591 3595 2007 3664 Callimachi
2058 3596 2299 3661 fabula
2348 3594 2624 3661 cautius
2672 3616 2834 3680 pro-

478 3704 941 3791 grediendum
1029 3703 1204 3770 mihi
1296 3703 1593 3771 videtur.
1708 3702 2086 3772 Libanium
2166 3712 2238 3769 et
2314 3701 2829 3788 Apollodorum

372 3804 375 3807 Α
477 3810 1137 3898 praetermittendos
1185 3831 1464 3892 censeo,
1536 3810 1720 3895 quod
1772 3807 1984 3875 etiam
2034 3808 2209 3875 alios
2256 3810 2487 3874 fontes
2535 3807 2836 3873 adhibu-

479 3927 687 3985 erunt
753 3918 878 4001 ita,
950 3926 1032 3983 ut
1077 3917 1243 4002 quid
1316 3939 1403 3982 ex
1453 3916 1901 3997 CallimachO,
1962 3915 2130 4000 quid
2177 3915 2465 3981 aliunde
2512 3914 2835 4000 ceperint

477 4025 958 4092 demonstrare
1006 4045 1147 4090 non
1194 4023 1572 4109 possimus;
1623 4022 1836 4088 etiam
1874 4021 2231 4108 HyginuS,
2279 4023 2365 4089 de
2408 4043 2545 4106 quo
2579 4021 2832 4087 eadem

477 4132 751 4199 ratione
797 4131 1116 4216 disputat
1150 4129 1486 4195 Franzius
1535 4130 1607 4215 (l.
1659 4151 1715 4195 e.
1763 4150 1830 4216 p.
1880 4125 2011 4193 287
2060 4134 2200 4214 sq.),
2235 4127 2668 4194 omittendus
2703 4139 2836 4211 est,

480 4238 663 4324 quod
715 4237 1110 4323 complures
1158 4237 1390 4301 fontes
1439 4234 1794 4318 adhibuit,
1844 4257 2020 4322 quos
2067 4258 2210 4301 non
2260 4255 2638 4322 possumus
2688 4233 2837 4300 dis·
