3123 4871
1446 260 1883 327 —44-

500 494 930 563 quamquam
992 474 1373 543 scholiasta
1419 475 1656 543 varias
1721 475 1982 543 formas
2039 475 2461 562 composuit,
2523 476 2870 543 consulto

501 602 662 648 eum
712 581 963 668 capitis
1009 581 1214 648 initio
1265 581 1685 667 Pherecydis
1719 582 2117 650 versionem
2167 581 2580 649 terminasse
2613 583 2867 665 verbis

501 678 542 777 ἡ
611 685 870 773 ἱστορία
939 683 1126 773 παρὰ
1203 686 1587 774 Φερεκύδει,
1654 689 1869 776 paulo
1937 699 2103 776 post
2161 688 2348 756 idem
2407 698 2866 775 repetentem

499 794 851 861 addidisse
889 791 1250 886 Φερεκύδης
1281 795 1356 863 δέ·
1386 819 1595 887 φησιν
1626 817 1835 862 nemo
1866 794 2000 862 sibi
2032 795 2477 882 persuadeat.
2555 797 2868 863 Accedit

498 902 689 989 quod
735 923 949 968 sensu
998 913 1190 968 caret
1235 902 1465 989 prima
1513 902 1765 989 capitis
1811 924 1991 989 parS,
2037 902 2176 969 nisi
2217 902 2615 982 inserimuS,
2663 925 2866 989 quae

497 1018 746 1095 postea
779 1009 1168 1075 secundum
1208 1009 1684 1094 Pherecydem
1718 1010 2077 1095 leguntur.
2149 1011 2337 1075 Nam
2373 1030 2463 1074 ex
2492 1009 2866 1076 sententia

497 1120 882 1202 Λυκοῦργος
936 1115 1007 1182 δὲ
1053 1116 1238 1205 μέχρι
1290 1122 1410 1207 τῆς
1453 1113 1815 1207 θαλάσσης
1861 1114 2202 1197 συνεδίωξε
2256 1111 2390 1181 τὸν
2435 1112 2864 1183 Διόνυσον.

498 1219 806 1300 ἐκείνας
874 1221 945 1288 δὲ
1017 1213 1052 1287 ὁ
1117 1217 1286 1302 Ζεὺς
1353 1220 1634 1312 ἐλεήσας
1700 1222 2167 1312 κατηστέρισεν
2228 1221 2642 1307 intellegere
2702 1244 2862 1288 non

497 1349 894 1415 possumuS,
941 1351 1081 1416 qua
1129 1329 1216 1395 de
1264 1351 1476 1395 causa
1509 1329 1831 1416 Iuppiter
1875 1329 2033 1395 illas
2080 1329 2264 1396 inter
2294 1328 2524 1395 sidera
2558 1329 2866 1395 colloca-

500 1434 699 1501 verit.
769 1438 866 1502 At
912 1436 1034 1502 ubi
1069 1436 1454 1503 Rehmium
1505 1441 1727 1503 secuti
1772 1436 1910 1503 hoc
1953 1437 2108 1502 loco
2149 1434 2616 1518 iniecerimus,
2663 1456 2863 1523 quae

497 1551 743 1629 postea
791 1552 1214 1609 tractantur:
1265 1530 1347 1623 ἃς
1392 1543 1516 1629 (sc,
1549 1534 1819 1629 (Υάδας)
1869 1542 2480 1628 παρακαταθέσθαι
2528 1536 2644 1607 τδν
2681 1540 2864 1609 Διό-

496 1672 686 1716 νυσον
747 1639 895 1716 Ἰνοῖ
948 1644 1060 1716 διὰ
1119 1643 1237 1714 τὸν
1276 1642 1493 1737 (Ἡρας
1546 1648 1776 1740 φόβου,
1849 1636 2093 1716 καθ’ὃν
2146 1644 2378 1735 καιρὸν
2433 1638 2671 1727 αὐτὰς
2715 1649 2860 1715 καὶ

496 1762 958 1846 Λυκοῦργος
1004 1755 1323 1837 ἐδίωξεν
1352 1757 1595 1823 statim
1630 1778 1879 1822 sensus
1914 1755 2049 1821 erit
2078 1755 2483 1821 restitutus:
2528 1754 2862 1841 Iuppiter

496 1862 808 1929 mutavit
856 1862 1168 1947 HyadaS,
1215 1885 1304 1928 ue
1353 1886 1393 1928 a
1442 1866 1777 1949 Lycurgo
1824 1871 2262 1949 caperentur.

713 1969 989 2053 Quibus
1059 1969 1438 2056 disputatis
1508 1969 1696 2037 hanc
1766 1969 2193 2035 scholiorum
2259 1977 2532 2054 partem
2599 1969 2855 2038 eadem

496 2075 771 2141 ratione
836 2075 1074 2141 omnia
1134 2076 1467 2162 praebere
1530 2076 1876 2160 videmuS,
1942 2097 2125 2162 quae
2186 2074 2261 2141 in
2325 2074 2854 2141 Catasterismis

499 2203 651 2247 esse
700 2192 999 2248 tractata
1047 2204 1259 2275 supra
1306 2182 1790 2249 demonstrare
1837 2191 2132 2249 conatus
2176 2203 2361 2264 sum3
2408 2181 2648 2267 itaque
2681 2204 2857 2270 quo·

497 2289 735 2355 minus
799 2290 973 2356 haec
1038 2312 1126 2355 ex
1191 2290 1436 2356 eodem
1495 2290 1710 2373 fonte,
1783 2311 1922 2376 quo
1981 2288 2480 2369 Catasterismi,
2550 2287 2854 2371 fluxisse

499 2417 933 2480 censeamaS,
1007 2397 1187 2463 nihil
1256 2396 1572 2484 impedit.
1690 2395 2029 2463 Thieleus
2095 2396 2378 2484 quidem
2457 2394 2694 2462 omnia
2758 2418 2853 2461 ex

497 2504 784 2570 scholiis
849 2504 1148 2587 ArateiS,
1214 2527 1396 2591 quae
1462 2504 1677 2570 etiarn
1749 2503 2017 2570 scholia
2074 2503 2318 2569 Iliadis
2374 2502 2849 2586 adhibuerint,

498 2610 820 2677 derivata
890 2621 1132 2677 censet
1199 2611 1274 2677 in
1342 2611 1588 2699 primis
1657 2611 1855 2677 nisus
1925 2621 2369 2695 argumentO,
2408 2610 2622 2697 ‚quod
2693 2609 2852 2696 ipse

500 2718 848 2784 Rehmius
895 2718 1195 2804 paravit.
1274 2721 1461 2784 Nam
1514 2718 1730 2784 verba
1771 2724 2157 2806 Λυκοῦργος
2203 2718 2276 2784 δὲ
2320 2716 2504 2804 μέχρι
2552 2723 2669 2805 τῆς
2716 2725 2852 2783 θα·

495 2821 748 2915 λάσσης
825 2825 1214 2905 συνεδίωξεν
1290 2822 1407 2891 τὸν
1473 2822 1825 2906 Διόνυσον,
1909 2846 2090 2911 quae
2175 2838 2422 2910 postea
2491 2822 2850 2905 irrepsisse

502 2932 847 2999 Rehmius
905 2931 1245 3016 ostendit,
1304 2931 1517 2997 ctiam
1569 2931 1756 3017 apud
1808 2931 2185 3016 Hyginum
2233 2931 2348 2996 vel
2397 2930 2643 2996 eodem
2688 2930 2848 2995 loeo

494 3039 642 3124 legi
731 3039 883 3125 ipse
970 3039 1386 3105 existimans
1469 3037 1712 3105 scribit
1796 3038 1988 3124 (diss,
2055 3059 2124 3124 p.
2185 3034 2267 3102 16
2323 3038 2483 3103 adn.
2541 3035 2638 3123 2):
2741 3044 2849 3101 ein

500 3146 1178 3234 Zusammentreffen,
1229 3147 1348 3211 das
1393 3146 1527 3211 mir
1565 3145 1757 3210 kez'ne
1793 3145 2008 3209 andre
2035 3145 2437 3231 Erkldrung
2469 3145 2849 3208 zuzulczssen

494 3251 768 3326 schez'nt,
816 3254 919 3318 abs
966 3254 1117 3318 dass
1164 3253 1314 3317 dem
1347 3253 1583 3338 Hygz'n
1630 3273 1839 3317 unser
1866 3251 2180 3315 Scholion
2228 3252 2615 3336 vorgelegen
2661 3250 2846 3321 habe,

498 3379 640 3422 nur
680 3360 753 3422 in
801 3364 996 3424 etwas
1041 3359 1371 3425 rez'clzerer
1396 3361 1724 3444 Fassung.
1818 3358 2019 3440 Quae
2065 3379 2175 3422 res
2207 3357 2265 3423 si
2298 3357 2399 3423 ita
2431 3379 2506 3422 se
2537 3357 2848 3442 haberet,

496 3475 687 3531 recte
734 3465 1081 3532 iudicasse
1128 3464 1508 3531 Thieleum
1557 3465 2035 3532 concederem.
2131 3466 2225 3530 At
2274 3474 2346 3531 et
2378 3463 2725 3530 Rehmius
2774 3475 2850 3530 et

495 3570 836 3637 Thieleus
906 3582 1351 3655 erraverunt3
1423 3593 1587 3636 nam
1662 3593 1841 3658 quae
1893 3570 2233 3655 Hyginus
2302 3570 2437 3636 hoc
2500 3572 2654 3636 loco
2711 3592 2851 3635 ser—

497 3679 713 3762 vavit,
783 3668 1072 3745 omnino
1142 3679 1373 3745 aliena
1444 3688 1615 3745 sunt
1684 3679 1772 3744 ab
1842 3678 1956 3759 iis,
2026 3699 2206 3763 quae
2277 3677 2349 3742 in
2420 3676 2687 3743 scholia
2756 3677 2848 3742 ad

498 3786 793 3851 Iliadem
854 3785 1217 3872 irrepsisse
1283 3785 1772 3871 cognovimus.
1873 3785 2273 3851 Scholiasta
2343 3784 2530 3849 enim
2603 3783 2848 3849 tradit:

496 3899 882 3981 Λυκοῦργος
928 3891 1002 3959 δὲ
1045 3892 1231 3979 μέχρι
1283 3898 1401 3982 τῆς
1443 3889 1800 3981 θαλάσσης
1847 3890 2229 3971 συνεδίωξεν
2274 3886 2389 3957 τὸν
2425 3887 2849 3969 Διόνυσον,-

498 4010 572 4066 at
612 3999 953 4085 Hyginus
1000 3998 1171 4065 dicit
1218 4000 1425 4082 (Astr.
1460 4001 1532 4063 11
1566 3994 1703 4083 21):
1759 4000 1934 4063 Hae
1969 3998 2093 4084 (sc.
2131 3998 2494 4084 Hyades)
2527 3997 2857 4061 dzcuntur

493 4130 538 4171 a
589 4109 898 4193 Lycurgo
927 4108 1225 4193 fugatae
1278 4111 1346 4171 et
1385 4111 1664 4190 praeter
1704 4105 2129 4170 Ambrosiam
2184 4127 2412 4172 omnes
2464 4104 2561 4168 ad
2607 4103 2850 4168 Thetin

485 4215 883 4299 profugisse,
932 4220 1014 4279 ut
1053 4213 1153 4277 ait
1192 4212 1640 4297 Asclepiades.
