3123 4871
1473 253 1915 317 ...16—

548 536 554 541 ,
737 467 1169 534 Huiusmodi
1206 468 1692 535 diversitatem
1726 468 2020 555 praebet
2049 470 2359 536 narratio
2392 471 2479 536 de
2505 472 2874 554 Ascalabo,

520 597 732 662 quam
762 574 1087 642 ‘Ovidius
1138 575 1471 642 tractavit
1516 575 1590 640 in
1641 576 2333 663 Metamorphosibus
2380 580 2469 656 (V
2515 575 2646 643 446
2693 586 2871 666 sqq.)

515 681 800 749 nomine
835 678 1135 768 vquidem
1185 682 1461 747 omisso.
1557 684 1710 747 Iam
1759 682 1948 768 quod
1996 704 2254 749 nomen
2302 685 2631 751 Ascalabi
2680 696 2870 751 tacet

513 798 741 874 poeta,
788 788 1106 854 mirabile
1140 810 1292 853 esse
1324 788 1499 855 mihi
1533 789 1835 855 videtur.
1928 791 2115 854 Nam
2154 799 2234 855 ut
2268 811 2427 855 curn
2468 792 2866 867 Plaehni07)

515 917 784 977 cense0,
832 895 935 961 ita
983 894 1151 980 egit,
1200 895 1388 981 quod
1436 894 1679 981 paucis
1730 895 1962 961 verbis
2008 906 2170 981 post
2213 895 2519 983 explicat
2550 898 2863 963 fabulam

406 987 410 991 ⁴
517 1002 602 1067 de
651 1001 1066 1088 Ascalapho,
1116 1024 1296 1088 quae
1344 1002 1653 1067 narratio
1703 1011 1829 1067 aut
1872 1002 2123 1067 similis
2173 1002 2340 1090 estss)
2387 1013 2529 1083 aut,
2580 1014 2659 1069 ut
2707 1026 2867 1070 con-

515 1107 742 1174 tendit
791 1109 1199 1175 Welckerus
1216 1109 1295 1195 ⁹),
1358 1108 1603 1174 eadem
1667 1118 1881 1193 atque
1924 1108 2266 1176 Ascalabi.
2360 1109 2653 1176 Accedit
2700 1111 2866 1177 hoc:

511 1214 760 1300 paucis
831 1215 1122 1301 exponit
1190 1226 1402 1301 poeta
1468 1237 1509 1280 a
1574 1237 1784 1280 versu
1833 1211 1985 1281 438.
2080 1214 2430 1305 Cererem,
2502 1229 2583 1283 ut
2647 1217 2866 1283 etiam

510 1331 724 1386 noctu
786 1320 1008 1386 filiam
1059 1343 1393 1407 quaerere
1439 1331 1707 1406 posset,
1771 1320 1860 1387 ab
1908 1322 2138 1386 Aetna
2187 1321 2398 1407 pinus
2444 1320 2864 1390 incendisse.

379 1415 395 1427 “
513 1428 712 1492 Haec
797 1448 1108 1497 errorum
1201 1427 1579 1512 descriptio
1666 1427 1901 1493 subito
1998 1426 2537 1513 interrumpitur
2621 1429 2866 1495 fabula

510 1534 836 1599 Ascalabi
883 1535 1069 1600 male
1118 1556 1277 1599 curn
1327 1534 1912 1600 antecedentibus
1961 1534 2364 1601 coniuncta:

724 1643 887 1706 Met.
937 1644 1004 1708 V
1050 1637 1214 1706 446:

832 1748 1050 1813 Fessa
1097 1747 1336 1814 labore
1383 1748 1577 1814 sitim
1626 1749 2011 1831 collegerat
2060 1800 2084 1832 ,ἤ
2125 1795 2405 1816 .....

722 1854 822 1923 Et
887 1864 1133 1940 postea
1203 1855 1291 1920 ad
1363 1876 1675 1921 errorum
1735 1854 2247 1941 expositionem
2297 1877 2623 1921 reversus
2670 1855 2743 1920 in
2794 1881 2862 1923 v.

506 1957 637 2025 462
682 1961 921 2046 pergit
964 1972 1202 2047 poeta:

722 2069 920 2151 Quas
968 2069 1099 2134 dea
1146 2090 1271 2154 per
1318 2078 1540 2135 terras
1591 2076 1662 2132 et
1709 2086 1885 2153 quas
1933 2067 2270 2133 erraverit
2318 2067 2543 2133 undas

726 2173 976 2240 Dicere
1023 2175 1242 2260 longa
1289 2196 1488 2240 mora
1533 2184 1642 2240 est
1647 2224 2592 2242 ...............

722 2284 805 2347 In
834 2282 1236 2347 narratione
1265 2282 1659 2364 Fastorum,
1692 2303 1904 2367 quam
1940 2302 2028 2345 ex
2062 2281 2305 2345 eodem
2341 2281 2536 2346 fonte
2569 2293 2858 2368 poetam

507 2388 893 2475 sumpsisse
962 2389 1299 2472 vidimuS,
1373 2389 1619 2454 eodem
1683 2387 1927 2454 ordine
1975 2396 2255 2456 servato
2305 2387 2598 2475 exponit
2642 2396 2860 2475 poeta

506 2497 751 2562 taedas
821 2498 1025 2562 deam
1098 2496 1517 2578 incendisse;
1592 2508 1663 2562 et
1718 2495 1966 2583 statim!
2013 2507 2381 2561 enumerat
2428 2496 2607 2579 loca,
2671 2517 2857 2582 quae

506 2603 712 2669 Ceres
778 2603 1050 2686 viserit3
1118 2604 1237 2668 sed
1300 2615 1463 2668 ante
1509 2603 1695 2667 hanc
1741 2603 2055 2668 locorum
2105 2601 2570 2682 mentionem,
2636 2624 2853 2688 quam

502 2711 576 2775 in
627 2709 1321 2795 Metamorphosibus
1383 2720 1595 2795 poeta
1658 2709 1992 2795 praeterit
2037 2709 2271 2775 verbis
2318 2708 2585 2792 „dicere
2633 2709 2856 2794 longa

501 2839 699 2883 mora
748 2821 918 2902 est“,
983 2817 1059 2882 in
1111 2816 1342 2882 Fastis
1391 2816 1568 2881 nihil
1616 2816 1703 2880 de
1752 2817 2118 2884 AscalabO.
2217 2814 2407 2898 Quin
2456 2815 2668 2881 etiam
2717 2814 2855 2880 dis-

503 2935 744 3010 crepat
812 2925 989 2990 haec
1056 2923 1297 2988 fabula
1365 2923 1452 2988 ab
1522 2921 1640 3004 iis,
1710 2945 1890 3007 quae
1960 2921 2424 2988 inveniuntur
2469 2921 2545 2988 in
2595 2920 2848 2990 Fastis,

501 3034 689 3098 Nam
737 3031 809 3096 in
855 3029 1546 3116 Metamorphosibus
1589 3031 1683 3115 (V
1715 3025 1872 3111 4493·
1903 3029 2212 3112 legimus
2244 3028 2446 3094 deam
2480 3029 2848 3114 lympham

502 3139 712 3203 modo
780 3138 1261 3223 postulantem
1333 3136 1688 3222 accepisse
1759 3137 1846 3201 ab
1896 3157 2036 3201 anu
2085 3136 2352 3218 „dulce,
2427 3146 2612 3202 tosta
2659 3136 2845 3222 quod

502 3253 777 3310 texerat
863 3254 1026 3310 ante
1113 3245 1453 3331 polenta“.
1552 3244 1713 3326 Qua
1767 3241 2098 3324 ·potione,
2178 3251 2363 3308 tosta
2439 3242 2743 3328 polenta,
2765 3243 2849 3326 ¹⁰)

501 3360 688 3417 certe
755 3351 1020 3417 ieiunia
1069 3351 1390 3417 Cererem
1462 3351 1760 3420 solvisse
1807 3349 2193 3431 obtineam,
2265 3370 2425 3413 cum
2475 3348 2679 3414 deam
2732 3370 2852 3434 pa-

498 3480 717 3545 paver
778 3458 989 3527 modo
1059 3467 1470 3544 gustantem
1543 3457 1811 3523 ieiunia
1878 3457 2021 3522 iam
2094 3455 2396 3521 violasse
2462 3455 2538 3519 in
2615 3455 2842 3521 Fastis

499 3575 709 3652 poeta
788 3565 989 3632 dicat.
1086 3568 1337 3652 Itaque
1417 3573 1566 3630 tota
1642 3564 1818 3630 haec
1888 3565 1975 3628 de
2045 3561 2393 3629 Ascalabo
2465 3561 2846 3648 explicatio

498 3673 852 3759 discrepat
898 3694 1058 3738 cum
1109 3671 1340 3738 verbis
1386 3670 1460 3736 in
1514 3670 1886 3736 Fastorum
1933 3669 2112 3735 libro
2159 3669 2252 3756 (V
2299 3665 2429 3733 532
2476 3668 2633 3754 sq.):

712 3851 765 3938 ⁷)
814 3854 890 3914 G.
930 3857 1171 3922 Plaehn‚
1222 3855 1315 3911 De
1352 3855 1656 3913 Nicandro
1701 3855 1953 3929 aliisque
1988 3852 2186 3941 poetis
2222 3851 2477 3909 Graecis
2512 3852 2590 3907 ab
2618 3851 2842 3909 Ovidio

496 3947 555 4004 in
581 3946 1177 4020 Metamorphosibus
1219 3944 1672 4001 conscribendis
1715 3943 2020 4000 adhibitis.
2086 3941 2246 3998 Diss‚
2282 3941 2419 3997 Hal.
2445 3937 2611 3999 1882
2643 3960 2699 4015 p.
2737 3939 2841 4001 30.

711 4030 765 4115 8)
815 4034 889 4096 cf.
940 4035 1147 4108 Pauly·
1124 4034 1437 4090 ·Wissowa
1481 4034 1550 4095 R.
1601 4032 1667 4092 E.
1715 4032 1773 4087 II
1826 4031 2013 4092 1607.
2859 4045 2868 4052 ·

712 4120 766 4206 ⁹)
812 4125 949 4180 Alte
996 4123 1367 4179 Denkmaler
1410 4122 1438 4179 I
1484 4141 1544 4196 p.
1597 4121 1745 4182 409.

689 4213 764 4289 ¹⁰)
814 4212 889 4275 cf.
941 4231 1103 4288 quae
1152 4211 1454 4287 Hauptius
1500 4212 1561 4268 in
1607 4211 1754 4269 Met.
1802 4212 1898 4273 ed.
1951 4210 2260 4267 adnotavit
2307 4209 2385 4265 ad
2432 4229 2482 4269 v.
2533 4206 2682 4271 450.
