3123 4871
1416 221 1853 289 ..40.-

460 437 951 521 nutrivissent,
1032 437 1410 524 quominus
1490 438 1706 506 etiam
1788 438 1973 505 hanc
2041 438 2323 505 fabulae
2392 446 2669 524 partem
2731 438 2837 503 ad

462 543 1000 627 Catasterismos
1080 545 1494 627 referamuS,
1582 544 1759 611 nihil
1837 544 2179 631 impedire
2257 543 2432 611 mihi
2513 543 2834 611 videtur.

459 650 797 737 Sequitur
830 651 1018 737 apud
1051 649 1427 736 Hyginum
1462 651 1704 719 fabula
1735 651 2126 719 secundum
2163 649 2551 732 Musaeum,
2599 672 2832 736 quam

458 757 647 844 quod
726 757 971 823 eodem
1051 758 1194 825 tere
1264 757 1475 825 modo
1548 757 1817 825 scholia
1889 761 2150 823 Aratea
2233 766 2306 823 et
2351 755 2830 822 -Basileensia

459 872 854 951 exponunt,
923 864 996 929 in
1047 863 1566 931 Catasterismis
1628 886 1780 931 esse
1838 873 2213 930 tractatam
2261 862 2643 930 verisimile
2692 873 2828 928 est.

348 1005 361 1019 ι
461 970 655 1037 Dicit
740 970 929 1039 enim
1007 970 1385 1037 scholiasta
1455 972 1697 1039 Germ.
1771 973 1914 1039 BP:
2009 973 2341 1035 Misaeus
2415 971 2513 1033 ita
2569 971 2828 1056 refert.-

457 1078 730 1142 Aethra
796 1100 886 1141 ex
959 1079 1219 1143 Oceano
1269 1079 1659 1164 procreavit
1686 1079 1891 1164 filias
1949 1078 2314 1142 duodecim.
2407 1078 2522 1140 Ex
2570 1077 2829 1161 quibus

460 1186 756 1270 quinque
828 1185 1052 1249 stellis
1108 1187 1461 1273 figuratas
1527 1186 1828 1271 Iisyadas,
1898 1190 2149 1270 septem
2219 1189 2447 1248 autem
2509 1183 2824 1247 Pliadas,

458 1292 599 1354 His
652 1314 836 1355 unus
868 1293 1035 1377 fuit
1053 1293 1296 1377 frater
1338 1278 1558 1375 Hyas,
1638 1314 1835 1377 quem
1897 1314 2125 1355 omnes
2178 1313 2434 1355 sorores
2491 1290 2823 1353 dilexere.

471 1398 685 1480 Quem
755 1398 892 1461 alii
964 1398 1045 1461 ab
1117 1399 1334 1470 leone,
1422 1399 1560 1463 alii
1632 1398 1714 1462 ab
1799 1406 1962 1483 apro
2039 1398 2475 1482 interfectum
2555 1396 2823 1459 dicunt.

470 1506 659 1586 Quae
720 1507 982 1589 flentes
1071 1527 1223 1569 eum
1307 1506 1647 1575 obierunt,
1736 1506 2018 1590 Hyadas
2102 1508 2552 1588 nuncupatas,
2635 1502 2826 1564 alias

456 1611 758 1675 Pliadas,

671 1735 950 1825 Similia
1028 1735 1309 1822 scripsit
1387 1735 1765 1802 scholiasta
1835 1737 2162 1805 ArateuS.
2257 1734 2579 1816 Quorum
2650 1754 2819 1798 cum

457 1842 1048 1928 descriptionibus
1103 1843 1434 1909 dissentit
1489 1842 1775 1928 quidem
1825 1841 2165 1927 Hyginus
2222 1861 2585 1927 exponens
2643 1840 2823 1904 Oce-

458 1971 595 2016 ano
653 1949 1129 2035 quindecim
1187 1949 1372 2015 filias
1427 1949 1674 2031 fuisse,
1746 1970 2042 2035 quarum
2104 1947 2419 2034 quinque.
2483 1946 2816 2030 Hyadem

458 2057 747 2121 fratrem
817 2057 1147 2141 lugentes
1213 2055 1535 2125 interisse
1604 2064 1678 2121 et
1726 2054 2020 2139 Hyadas
2082 2053 2441 2141 appellari.
2535 2051 2818 2137 Quibus

459 2163 828 2249 explicatis
877 2163 1098 2230 addit:
1177 2165 1514 2248 Reliquas
1558 2169 1785 2228 autem
1846 2164 2064 2226 decem
2110 2184 2367 2226 sorores
2416 2160 2820 2225 deliberasse

460 2272 542 2334 de
594 2292 896 2335 sororum
954 2277 1164 2335 morte
1220 2276 1288 2334 et
1332 2293 1565 2335 carum
1610 2275 1860 2355 septem
1922 2274 2202 2333 mortem
2260 2268 2398 2331 sibi
2451 2267 2815 2335 conscissa·

460 2399 593 2463 qua
640 2400 713 2442 rc
760 2379 968 2464 quod
995 2378 1295 2464 plures
1343 2379 1549 2442 idem
1596 2377 2058 2445 senserinl,·
2106 2375 2394 2440 Pliadas
2441 2374 2668 2438 dictas.

672 2519 947 2586 Tamen
1022 2521 1157 2586 hae
1227 2519 1770 2606 discrepantiae,
1838 2528 1921 2584 ut
1968 2517 2242 2584 Musaei
2289 2516 2686 2583 versionem
2737 2515 2813 2580 in

461 2627 980 2694 Catasterismis
1072 2649 1213 2693 non
1305 2626 1661 2694 exstitisse
1756 2646 2200 2707 censeamus,
2297 2623 2576 2689 efficere
2667 2642 2815 2686 non

460 2744 779 2821 possunt,
829 2734 1162 2821 quoniam
1198 2734 1466 2820 optime
1502 2733 1859 2799 Robertus
1895 2732 2033 2797 de
2014 2731 2101 2796 iis
2134 2731 2311 2796 haec
2342 2728 2710 2796 iudicavit.
2727 2727 2814 2812 ²³)

458 2845 546 2905 In
626 2843 753 2906 zllo
830 2865 907 2927 lg
867 2843 1056 2906 σείειν
1130 2843 1436 2926 exemplo
1513 2847 1629 2923 (sc.
1692 2861 1834 2926 quo
1899 2838 2232 2904 utebatur
2290 2836 2650 2921 Hyginus)
2707 2836 2824 2898 [Β

459 2972 790 3014 numerus
838 2951 915 3012 in
948 2950 1057 3012 IE
1098 2953 1440 3033 correptus
1487 2954 1649 3011 erat
1754 2949 1982 3029 Quare
2017 2945 2154 3009 ille
2201 2944 2529 3008 traditam
2575 2964 2813 3006 narra-

460 3058 711 3120 tionem
773 3057 873 3119 ita
920 3057 1284 3120 immutare
1338 3056 1618 3127 statui&
1680 3060 1764 3117 ut
1805 3054 2073 3137 aliquas
2118 3052 2360 3116 saltem
2397 3055 2633 3136 partes
2678 3055 2815 3112 tres

462 3164 627 3226 illae
688 3164 968 3247 puellae
1043 3163 1320 3226 librarii
1375 3183 1599 3227 errore
1652 3160 1939 3225 Atlanti
1998 3161 2280 3223 donatae
2335 3157 2691 3225 haberent,·
2751 3162 2821 3218 et

461 3291 611 3332 cum
675 3276 1010 3334 auctorem
1093 3270 1428 3333 Graecum
1483 3264 1838 3358 Πληϊάδας
1892 3290 1934 3329 a
1990 3263 2269 3343 πλείους
2337 3264 2647 3327 derivare
2712 3263 2814 3324 vi—

461 3376 693 3447 disset,
761 3378 880 3440 lzoc
936 3378 1033 3441 z‘ta
1082 3377 1157 3440 in
1206 3397 1406 3439 usum
1452 3396 1654 3438 suum
1703 3374 2047 3444 convertit,
2116 3377 2199 3435 ut
2247 3370 2569 3435 scriberet
2607 3390 2816 3452 quare

458 3483 640 3567 quod
668 3484 911 3566 plures
957 3484 1134 3547 idem
1181 3483 1526 3548 senserint
1569 3534 1580 3545 .
1631 3534 1643 3545 .
1694 3534 1705 3545 .
1757 3534 1768 3545 .
1817 3480 2105 3544 Pliadas
2151 3479 2378 3542 dictas,
2429 3515 2512 3522 -—

674 3625 965 3711 Septem
1029 3625 1350 3691 Pliadum
1412 3645 1536 3689 cur
1594 3645 1719 3688 sex
1777 3630 2056 3688 tantum
2114 3620 2491 3686 videantur
2545 3616 2816 3699 stellae,

458 3732 763 3819 primam
846 3753 1130 3798 causam
1212 3732 1521 3797 afferunt
1592 3728 1953 3815 Epitome,
2024 3726 2292 3792 scholia
2365 3722 2818 3804 Basileensia,

463 3840 802 3925 Hyginus
853 3838 1071 3924 (Epit.
1123 3860 1178 3905 e.
1229 3839 1509 3920 XXIII,
1556 3857 1625 3922 p.
1658 3832 1792 3899 134
1822 3856 1923 3921 sq.
1982 3833 2213 3918 Rob.),
2286 3834 2617 3916 Meropen
2670 3851 2819 3895 non

461 3945 712 4029 videri,
780 3946 965 4033 quod
1025 3966 1297 4010 sorores
1353 3942 1898 4023 immortalibuS,
1964 3941 2120 4027 ipsa
2175 3937 2446 4004 homini
2505 3936 2822 4022 Sisypho

678 4198 762 4281 23)
812 4200 886 4258 cf.
935 4217 1093 4275 quae
1140 4199 1441 4255 Robertus
1489 4204 1670 4253 antea
1718 4195 1996 4271 exposuit
2041 4214 2100 4269 p.
2155 4194 2231 4252 12
2284 4211 2372 4267 sq·
