3123 4871
1473 277 1917 347 ..60-

528 494 867 562 Ovidium
930 495 1192 561 dixisse
1258 495 1403 561 veri
1468 504 1578 561 est
1640 494 2002 561 dissimile.
2095 495 2258 578 Qua
2311 516 2386 560 re
2446 491 2882 558 Merckelius

526 601 828 688 scripsit:

847 708 1056 775 Tunc
1080 731 1239 775 cum
1266 709 1676 776 observatas
1710 709 2014 795 anguis
2040 707 2405 774 descendit
2429 710 2512 773 in
2539 707 2883 773 umbras

942 819 1134 883 Usus
1181 825 1254 882 et
1299 815 1566 882 auxilio
1614 825 1722 882 est
1768 836 2037 900 augur
2082 816 2170 881 ab
2218 836 2458 900 angue
2504 813 2690 880 dato.
2762 870 2770 879 .

744 922 1001 988 Censet
1068 922 1292 1007 igitur
1361 923 1469 990 vir
1528 922 1978 993 doctissimus
2032 923 2285 1007 anguis
2349 931 2448 1001 et.
2484 943 2713 1006 augur
2777 943 2886 985 er-

527 1051 683 1094 rore
741 1051 831 1094 ex
894 1029 1114 1095 altero
1170 1052 1378 1096 versu
1437 1030 1507 1095 in
1567 1031 1866 1096 alterum
1925 1029 2222 1097 venisse.
2341 1027 2471 1094 Cui
2527 1027 2885 1094 assentior

528 1136 664 1201 hoc
718 1136 928 1201 modo
984 1135 1251 1221 optime
1307 1136 1586 1202 restitui
1642 1158 1849 1222 posse
1896 1136 2026 1201 hos
2077 1156 2339 1203 versus,
2434 1136 2530 1202 At
2577 1157 2701 1201 cur
2748 1157 2885 1221 pro

529 1241 764 1307 verbis
813 1243 889 1305 in
936 1244 1173 1307 herbas
1219 1242 1313 1308 sit
1359 1243 1808 1308 scribendum
1857 1244 1933 1309 in
1982 1243 2255 1306 umbras
2301 1242 2625 1328 equidem
2675 1241 2887 1307 intel-

528 1350 768 1435 legere
837 1371 975 1415 non
1049 1370 1365 1436 possum3
1453 1371 1619 1414 nam
1689 1350 1982 1415 alteram
2053 1370 2367 1435 anguem
2440 1349 2736 1414 alteram
2803 1347 2884 1412 iu

530 1456 753 1522 vitam
801 1456 1168 1522 reduxisse
1215 1455 1514 1522 herbas
1563 1456 1973 1546 afferentem
2009 1456 2249 1522 fabula
2283 1458 2636 1533 narrat.¹¹)
2714 1455 2886 1536 Qua

528 1584 605 1628 re
652 1563 787 1628 hac
833 1562 1104 1629 ratione
1153 1584 1398 1629 versus
1446 1562 1921 1629 restituendos
1969 1572 2168 1648 puto:
2753 1554 2760 1558 ’

850 1669 1058 1735 Tunc
1090 1691 1250 1735 cum
1275 1670 1686 1735 observatas
1720 1670 2026 1756 anguis
2058 1668 2421 1735 descendit
2444 1668 2516 1733 in
2549 1667 2888 1750 herbas,

944 1778 1137 1844 Usus
1186 1785 1257 1841 et
1305 1775 1571 1841 auxilio
1620 1786 1726 1842 est
1774 1798 2042 1862 augur
2089 1776 2176 1840 ab
2224 1797 2461 1861 angue
2509 1774 2697 1839 dato,

745 1885 830 1947 In
895 1892 1194 1968 utroque
1260 1882 1483 1968 igitur
1545 1882 1725 1949 libro
1783 1882 2089 1969 explicat
2143 1891 2354 1969 poeta
2403 1880 2884 1968 Hippolytum

532 1999 814 2057 tantum
882 2009 1200 2056 servasse
1261 1989 1782 2076 Aesculapium.
1888 1987 2162 2054 Tamen
2229 1988 2302 2053 in
2363 1988 2890 2073 Metamorpho-

532 2096 730 2161 sibus
767 2116 908 2161 non
945 2095 1245 2160 eundem
1282 2095 1570 2179 fontem,
1605 2118 1814 2181 quem
1848 2095 1922 2160 in
1959 2095 2189 2161 Fastis
2225 2134 2308 2141 —
2343 2093 2886 2160 Catasterismos

535 2202 804 2268 scilicet
836 2240 914 2250 -
951 2212 1236 2288 poetam
1284 2212 1607 2268 secutum
1659 2224 1812 2268 esse
1861 2224 2128 2267 censeo.
2227 2201 2538 2267 Primum
2585 2201 2887 2266 enimin

536 2308 1229 2395 Metamorphosibus
1268 2310 1666 2393 Ocyrrhoes
1706 2310 1929 2374 fatum
1958 2308 2095 2374 alia
2120 2308 2392 2375 ratione
2418 2308 2684 2394 profert
2716 2309 2889 2373 Ovi-

536 2415 713 2500 dius,
765 2416 904 2484 alia
949 2415 1428 2483 Catasterismi
1477 2426 1844 2503 exponunt
1892 2415 2109 2503 (Epit.
2156 2439 2208 2482 e.
2241 2417 2490 2484 XVIII
2525 2435 2589 2501 p.
2626 2409 2756 2478 120
2781 2437 2886 2501 sq.

528 2524 746 2607 ,Rob.;
807 2523 954 2591 cod.
989 2522 1070 2608 T,
1121 2526 1206 2589 R.
1256 2546 1354 2610 pr.
1403 2546 1469 2610 p.
1518 2523 1587 2607 43
1637 2524 1751 2591 Ar.
1790 2526 1964 2605 Lat,
2014 2524 2279 2589 Comm.
2326 2523 2399 2588 in
2434 2524 2549 2588 Ar.
2599 2543 2666 2607 p.
2702 2518 2887 2608 218);

536 2631 790 2697 deinde
848 2630 1062 2696 etiam
1118 2631 1430 2696 fabulam
1487 2631 1575 2695 de
1623 2639 1975 2713 centauro,
2042 2652 2255 2715 quam
2304 2628 2674 2695 coniunxit
2721 2650 2889 2694 cum

536 2737 770 2805 verbis
827 2738 916 2802 de
962 2737 1390 2823 Aesculapio
1436 2737 1508 2802 in
1560 2736 2274 2823 MetamorphosibuS,
2331 2737 2533 2802 aliter
2581 2735 2891 2820 explicat

539 2854 753 2931 atque
822 2844 891 2909 in
972 2843 1225 2916 Fastis,
1342 2846 1529 2908 Nam
1603 2843 1677 2908 in
1752 2843 2441 2929 Metamorphosibus
2509 2841 2890 2929 praecipue

533 2951 984 3038 praedicatur
1047 2961 1462 3017 centaurum
1533 2948 1892 3015 doloribus
1958 2950 2347 3016 cruciatum
2412 2949 2711 3015 libenter
2765 2948 2892 3013 im-

537 3053 1044 3124 mortalitatem
1093 3056 1461 3141 abiecisse3
1508 3056 1632 3122 sed
1682 3055 1859 3120 nihil
1907 3055 1993 3120 de
2041 3057 2176 3122 hac
2221 3078 2295 3122 re
2341 3056 2416 3120 in
2469 3054 2717 3137 FastiS‚
2766 3054 2889 3120 ubi

541 3185 704 3230 eum
753 3164 1227 3229 immortalem
1278 3163 1496 3230 fuisse
1544 3162 1836 3230 omnino
1884 3185 2026 3227 non
2076 3161 2787 3247 commemoratur.¹²)

753 3274 904 3336 Iam
956 3270 1160 3336 nobis
1208 3270 1760 3336 considerandae
1809 3279 1977 3336 sunt
2023 3269 2545 3356 descriptioneS,
2580 3290 2762 3355 quae
2794 3268 2892 3333 de

540 3375 924 3464 Europae
980 3386 1232 3463 raptu
1290 3378 1632 3463 leguntur
1691 3377 1763 3443 in
1816 3391 2116 3463 utroque
2162 3376 2340 3442 libro
2388 3375 2588 3461 (Met.
2637 3377 2708 3438 11
2759 3371 2892 3439 833

540 3506 688 3571 sqq.
754 3523 834 3530 -—
902 3483 1090 3550 Fast.
1161 3486 1225 3551 V
1304 3480 1434 3549 605
1504 3469 1734 3571 sqq.).'
1793 3483 2064 3549 Moschi
2127 3483 2213 3548 de
2286 3482 2613 3568 Europae
2680 3493 2893 3567 raptu

543 3589 878 3674 carmine,
957 3591 1143 3677 quod
1215 3591 1289 3657 in
1363 3590 2056 3677 Metamorphosibus
2126 3599 2409 3675 poetam
2482 3587 2895 3654 adhibuisse

541 3697 1054 3766 demonstravit
1128 3697 1710 3784 VollgraffiuS,¹³)
1793 3697 2008 3763 etiam
2085 3695 2159 3761 in
2241 3694 2472 3762 Fastis
2552 3694 2893 3761 Ovidium

771 3876 853 3961 ¹¹)
924 3881 997 3938 cf.
1043 3882 1196 3957 Hyg.
1240 3881 1361 3960 fab.
1415 3882 1557 3947 136.

773 3968 855 4051 ¹²)
922 3970 992 4026 In
1078 3972 1321 4028 scholiis
1408 3972 1854 4029 Basileensibus
1948 3971 2127 4046 (Rob.
2199 3990 2257 4045 p.
2322 3967 2472 4044 184)
2542 3968 2686 4043 legi:
2791 3989 2897 4043 quo

543 4069 750 4117 exutus
802 4059 1215 4117 immortalitate
1279 4079 1378 4118 me
1440 4079 1561 4119 non
1629 4062 1851 4134 effugit.
1949 4060 2184 4116 Tamen
2228 4058 2692 4115 Catasterismos
2741 4058 2897 4114 haec

541 4167 814 4207 narrasse
861 4149 960 4206 hic
1006 4166 1158 4205 unus
1205 4150 1533 4207 scholiasta
1580 4150 1992 4206 demonstrare
2040 4167 2161 4206 non
2208 4155 2428 4223 potest.

768 4237 848 4314 ¹³)
901 4237 998 4294 De
1046 4237 1249 4293 Ovidii
1295 4239 1713 4313 mythopoeia,
1770 4238 1910 4295 diss,
1959 4236 2155 4295 Berol.
2209 4235 2394 4301 1901,
2440 4256 2500 4311 p.
2548 4233 2624 4294 61
2680 4253 2771 4310 sq.
