3123 4871
1207 266 1645 334 -47-

581 483 901 570 Septima
948 483 1228 551 mortali
1278 485 1565 569 Merope
1614 482 1758 565 tibi,
1804 480 2121 568 Sisyphe,
2170 481 2428 566 nupsit,

676 589 1013 674 Paenitet,
1061 600 1135 656 et
1179 590 1346 656 facti
1396 590 1546 656 sola
1594 589 1864 676 pudore
1911 589 2099 670 latet,
2235 612 2238 617 ·

583 696 752 764 Sive
800 697 987 783 quod
1036 696 1320 765 Electra
1367 695 1624 763 Troiae
1672 706 1988 782 spectare
2034 695 2274 761 ruinas

671 806 835 869 Non
886 802 1052 870 tulit
1095 811 1262 869 ante
1307 804 1548 870 oculos
1596 803 2066 890 opposuitque
2112 822 2419 868 manum.

477 928 748 996 Eadem
797 927 1021 1014 igitur
1067 927 1305 994 omnia
1354 927 1683 1013 exposuit
1729 937 1956 1013 poeta,
1988 948 2167 1012 quae
2201 923 2609 993 Catasteris-

247 1034 371 1113 mi,
424 1035 668 1101 eadem
719 1043 1086 1101 enumerat
1130 1034 1419 1100 nomina
1465 1044 1536 1101 et
1583 1035 1873 1100 deorum
1925 1042 1998 1099 et
2045 1032 2609 1115 Pliadum,‚duas

250 1151 543 1209 tantum
614 1163 887 1223 causas,
958 1163 1082 1207 cur
1151 1141 1244 1207 sit
1313 1141 1611 1207 obscura
1677 1140 1978 1227 septima
2024 1141 2259 1218 stella,
2329 1139 2609 1225 profert,

249 1249 562 1332 easdem,
610 1269 785 1334 quas
833 1248 1019 1315 solas
1067 1247 1142 1314 in
1186 1247 1702 1314 Catasterismis
1752 1245 2106 1312 exstitisse
2148 1245 2608 1313 ostendimus.

251 1354 542 1438 Quibus
590 1355 920 1421 omnibus
947 1353 1287 1421 Ovidium
1336 1353 1548 1420 etiam
1599 1354 1727 1419 has
1759 1354 2033 1419 fabulas
2067 1363 2608 1438 componentem

253 1460 808 1528 Catasterismos
854 1460 1261 1527 adhibuisse
1309 1469 1621 1547 apparet.

481 1589 848 1652 Praeterea
894 1586 990 1651 de
1038 1586 1417 1671 capellae
1465 1585 1734 1651 sidere
1781 1584 2089 1651 fabulam
2139 1582 2609 1669 explicantem

256 1695 626 1760 Nasonem
675 1692 893 1775 (Fast.
943 1694 1008 1760 V
1054 1690 1182 1757 111
1255 1691 1432 1778 sqq.)
1483 1691 2020 1758 Catasterismos
2082 1712 2235 1755 esse
2282 1700 2608 1756 secutum
2722 1712 2726 1716 ’

254 1820 535 1866 censeo,
630 1799 747 1867 Ex
795 1798 1289 1867 Eratosthenis
1359 1798 1538 1864 libro
1605 1797 2078 1864 narrationem
2147 1805 2612 1862 servaverunt

262 1906 621 1992 Epitome,
670 1905 936 1972 scholia
972 1904 1422 1988 Basileensia,
1475 1904 1811 1989 Hyginus
1841 1903 2061 1990 (Epit.
2089 1926 2144 1970 c.
2173 1903 2352 1968 XIII
2387 1923 2453 1988 p.
2480 1897 2612 1967 100
2669 1903 2676 1911 ’

258 2034 361 2098 sq.
416 2013 640 2094 Rob.).
752 2011 1046 2080 Olivieri
1105 2012 1170 2090 (l.
1231 2033 1286 2078 c.
1346 2033 1412 2097 p.
1460 2007 1532 2097 8)
1580 2010 1690 2076 his
1736 2010 1808 2076 in
1860 2010 2327 2096 expilatorum
2376 2030 2612 2086 narra-

258 2117 577 2194 tionibus
627 2130 767 2186 tres
815 2118 1049 2186 varias
1098 2118 1412 2184 eiusdem
1462 2118 1744 2185 fabulae
1790 2119 2050 2184 formas
2099 2139 2252 2185 esse
2298 2121 2611 2186 occultas

258 2226 652 2309 contendit3
725 2247 888 2292 nam
958 2225 1032 2290 in
1107 2224 1334 2311 prima
1405 2224 1655 2310 capitis
1727 2233 1926 2310 parte
1975 2225 2270 2291 describi
2322 2248 2609 2313 capram

262 2353 717 2399 communem
765 2341 991 2418 putat,
1040 2332 1112 2396 in
1163 2332 1384 2398 altera
1432 2353 1716 2417 capram
1768 2330 2092 2414 nobilem,
2139 2331 2326 2399 Solis
2372 2333 2613 2416 filiam,

263 2439 337 2504 in
407 2440 615 2508 tertia
679 2440 937 2506 iterum
1010 2461 1290 2525 capram
1364 2460 1840 2520 communem3
1906 2450 2268 2525 praeterea
2330 2441 2611 2508 tertiam

265 2558 540 2631 partem
591 2568 750 2612 cum
801 2545 1381 2612 antecedentibus
1429 2544 1820 2628 dissentire,
1869 2546 2052 2630 quod
2103 2547 2243 2612 alia
2275 2547 2612 2626 de'‚causa

262 2664 479 2738 atque
535 2675 674 2739 qua
721 2653 793 2718 in
842 2652 1191 2740 prioribus
1238 2674 1447 2739 capra
1495 2674 1648 2717 esse
1697 2653 2195 2719 transformata
2243 2653 2611 2721 diceretur.

481 2778 756 2862 Quibus
806 2777 1128 2862 equidem
1178 2776 1501 2842 assentiri
1539 2799 1680 2841 non
1714 2798 2032 2863 possum3
2082 2799 2247 2843 nam
2282 2777 2356 2842 in
2387 2778 2613 2864 prima

265 2884 688 2951 narrationis
721 2894 919 2971 parte
957 2904 1238 2970 capram
1274 2905 1724 2950 communem
1760 2884 2129 2968 cognoscit
2161 2883 2270 2950 vir
2302 2884 2617 2951 doctissiu

262 3010 424 3056 mus
450 2991 647 3057 nulla
673 2990 812 3057 alia
836 2992 923 3056 de
948 3012 1180 3073 causa,
1206 2990 1342 3055 nisi
1371 2991 1557 3076 quod
1579 2990 1918 3074 Hyginus
1943 2990 2142 3056 addit
2158 2991 2611 3058 Amaltheam

265 3098 661 3181 possedisse
732 3118 1013 3183 capram
1083 3096 1436 3182 quandam
1503 3102 1586 3160 ut
1640 3097 1711 3160 in
1759 3097 2023 3163 delicizk.
2115 3096 2256 3166 Sed
2303 3096 2610 3184 primum

270 3203 646 3290 Hyginum
693 3204 829 3270 hoc
875 3206 1030 3270 loco
1077 3203 1307 3270 aliena
1354 3202 1737 3269 inseruisse
1786 3213 2340 3271 consentaneum
2391 3210 2613 3289 est‚³³)

268 3308 523 3376 deinde
569 3311 747 3376 haec
779 3310 1058 3397 Hygini
1106 3310 1323 3377 verba
1369 3309 1775 3396 discrepant
1821 3331 1980 3376 cum
2015 3309 2121 3394 iis,
2154 3333 2332 3396 quae
2364 3311 2612 3398 reliqui

269 3423 485 3483 testes
548 3418 913 3505 praebent,
984 3415 1101 3503 qui
1170 3416 1418 3482 dicunt
1470 3438 1614 3482 non
1662 3438 1944 3502 capram
1995 3438 2442 3484 communem
2491 3420 2611 3484 sed

267 3521 453 3589 Solis
500 3523 721 3590 filiam
746 3525 1014 3590 .Iovem
1060 3522 1470 3589 nutrivisse:

482 3648 705 3736 Epit.:
770 3643 888 3737 τὴν
944 3649 1028 3715 δὲ
1098 3654 1213 3731 (sc,
1283 3642 1462 3737 αἶγα)
1529 3647 2068 3736 ἑνθρέψαι·Δία.
2125 3645 2255 3739 τὴν
2302 3651 2383 3717 δὲ
2432 3646 2614 3740 αἶγα

268 3748 433 3822 εἶναι
486 3747 711 3822 (Ηλιόυ
763 3754 1109 3844 θυγατέρα.

483 3881 760 3965 Quibus
808 3891 1102 3968 apparet
1147 3902 1361 3947 unam
1413 3889 1692 3947 tantum
1742 3902 2024 3968 capram
2075 3882 2611 3968 epitomatorem

270 3986 709 4074 cognovisse.
806 3987 1003 4052 Idem
1050 3987 1330 4074 scripsit
1376 3987 1755 4053 scholiasta
1804 3988 2041 4054 Germ.
2087 3991 2227 4056 BP:

488 4224 564 4298 ³3)
614 4224 688 4280 cf.
737 4243 894 4299 quae
943 4224 1252 4281 adnotavit
1296 4182 1598 4282 Robertus
1645 4227 1683 4283 l.
1731 4244 1783 4282 e.
1817 4246 1888 4300 p.
1942 4180 2140 4294 loa·-
