3123 4871
1200 351 1639 416 -11-

246 568 440 634 Fast.
490 570 593 636 IV
641 563 837 633 607-
864 563 1018 632 608:

571 678 806 761 Rapta
857 675 1096 755 tribuS,
1145 673 1342 756 dixit,
1389 672 1654 739 solvit
1699 671 2021 738 ieiunia
2070 671 2358 758 granis

659 782 997 863 Punica,
1046 803 1226 867 quae
1272 782 1467 846 lento
1515 778 1770 846 cortice
1818 800 2055 865 poma
2103 788 2377 864 tegunt.

465 1011 744 1094 Quibus
795 1011 1283 1097 Lueneburgii
1330 1011 1675 1097 exemplis
1721 1010 1857 1076 hoc
1905 1008 2228 1075 adiciam:

248 1120 413 1183 Met.
463 1120 527 1185 V
575 1113 957 1182 520-522:

571 1274 848 1291 .....
899 1225 1133 1308 Quod
1182 1234 1449 1311 rapta,
1495 1224 1883 1304 feremuS,

568 1328 970 1396 Dummodo
1017 1331 1316 1397 reddat
1361 1352 1545 1413 earn,
1594 1350 1858 1416 neque
1906 1328 2119 1394 enim
2172 1328 2625 1428 praedone.

1864 1435 2166 1501 marito

462 1543 680 1610 Filia
728 1544 986 1630 digna
1026 1554 1177 1610 ·tua
1225 1555 1353 1611 est
1397 1595 1412 1610 .
1465 1595 1477 1608 .
1530 1596 1544 1611 .

244 1651 436 1716 Fast.
487 1653 587 1718 IV
635 1647 1007 1734 591-592,
1052 1648 1437 1716 594-595:

567 1763 662 1823 At
740 1779 969 1844 neque
1042 1757 1572 1843 Persephone
1650 1756 1912 1842 digna
1990 1765 2097 1821 est
2173 1754 2599 1841 praedone

1866 1862 2165 1928 marito

655 1974 806 2037 Nec
864 1993 1082 2057 gener
1129 1973 1262 2037 hoc
1310 1971 1512 2037 nobis
1563 1991 1757 2037 more
1803 1969 2159 2055 parandus
2208 1980 2375 2036 erat.

566 2080 834 2146 Verum
866 2077 1159 2165 impune
1190 2078 1387 2161 ferat,
1410 2099 1558 2143 nos
1584 2077 1786 2143 haec
1809 2075 2223 2163 patiemur
2248 2075 2597 2142 inultae.

658 2185 992 2250 Reddat
1041 2232 1054 2246 .
1103 2236 1116 2250 .
1169 2238 1182 2251 .
1235 2235 1250 2250 .

466 2383 832 2474 Praeterea
910 2381 1280 2467 utriusque
1357 2380 1515 2446 libri
1597 2380 2035 2447 narrationes
2105 2402 2322 2460 unam
2394 2380 2594 2448 alteri

246 2489 741 2573 supplemento
766 2511 960 2570 esse,
1007 2488 1121 2554 his
1169 2487 1565 2573 apparebit:

459 2597 542 2659 In
595 2594 1284 2681 Metamorphosibus
1347 2594 1645 2660 verbose
1693 2594 2111 2661 describitur
2157 2595 2382 2676 locus,
2454 2617 2595 2680 quo

240 2710 449 2786 rapta
497 2700 590 2767 sit
638 2702 1053 2787 Proserpina
1101 2704 1289 2780 (Met.
1343 2702 1406 2768 V
1454 2697 1584 2767 385
1633 2701 1833 2789 sqq.),
1881 2701 1954 2766 in
2009 2701 2239 2767 Fastis
2287 2701 2601 2767 breviter

240 2809 466 2894 (Fast.
516 2810 618 2876 IV
664 2805 794 2873 425
842 2817 1036 2896 sqq).
1089 2809 1348 2891 FloreS,
1397 2831 1574 2894 quos
1622 2808 1989 2894 collegerit
2037 2807 2471 2894 Proserpina,
2521 2808 2598 2872 in

244 2915 937 3001 Metamorphosibus
972 2918 1166 2998 (Met.
1203 2918 1269 2983 V
1316 2913 1440 2981 391
1494 2916 1676 3003 sqq.)
1706 2915 1969 3003 paucis,
2000 2915 2072 2980 in
2096 2915 2340 2981 ,Fastis
2373 2914 2599 3003 (Fast.

243 3023 351 3088 IV
397 3017 527 3086 429
576 3025 750 3108 sqq.)
798 3022 1149 3109 copiosius
1198 3034 1721 3089 enumerantur.
1819 3024 2030 3106 Quae*
2070 3023 2304 3089 verbis
2352 3022 2601 3088 multis-

242 3128 688 3214 explicantur
756 3128 841 3195 de
903 3129 1360 3216 Proserpinae
1423 3128 1890 3215 trepidatione
1953 3129 2027 3195 in
2078 3129 2604 3216 Metamorpho-

240 3235 440 3300 sibus
475 3235 669 3321 (Met.
705 3237 769 3303 V
817 3232 947 3301 396
995 3240 1189 3322 sqq),
1238 3237 1311 3300 in
1348 3235 1581 3301 Fastis
1615 3236 1831 3319 (Fast.
1883 3238 1988 3303 IV
2020 3232 2149 3300 447
2186 3235 2316 3322 sq.)
2350 3237 2602 3322 paucis

240 3352 673 3427 repetuntur.
724 3345 808 3408 In
840 3340 1524 3428 Metamorphosibus
1558 3341 1757 3430 (Met.
1795 3344 1860 3409 V
1893 3338 2023 3406 402
2056 3348 2234 3428 sqq.)
2269 3353 2595 3410 accurate

249 3448 570 3514 Plutonis
618 3449 752 3515 iter
801 3459 1184 3530 enarratur,
1216 3450 1290 3513 in
1326 3446 1563 3514 Fastis
1598 3457 1875 3514 tantum
1911 3449 2217 3535 legimus
2250 3450 2383 3537 (IV
2416 3447 2595 3533 449);

567 3555 908 3622 Panditur
965 3556 1236 3621 interea
1295 3553 1445 3620 Diti
1493 3554 1613 3621 via
1661 3606 2547 3624 ..............

459 3664 667 3744 Loca,
717 3684 899 3748 quae
947 3662 1195 3728 viserit
1231 3662 1455 3745 CereS,
1505 3663 1786 3749 copiose
1833 3663 1906 3728 in
1959 3662 2192 3729 Fastis
2226 3665 2442 3748 (Fast.
2492 3664 2596 3729 IV

240 3765 374 3833 457
424 3772 597 3855 sqq.)
647 3778 1018 3835 enumerat
1062 3780 1304 3856 poeta,
1350 3769 1424 3835 in
1476 3769 2170 3857 Metamorphosibus
2218 3770 2461 3836 scribit
2507 3771 2594 3853 (V

240 3871 371 3939 402
420 3874 572 3962 sq.):
1425 3941 1428 3945 ,

564 3984 761 4066 Quas
811 3983 944 4049 dea
989 4005 1113 4070 per
1164 3995 1383 4050 terras
1432 3994 1505 4050 et
1551 4006 1727 4071 quas
1775 3985 2116 4052 erraverit
2160 3985 2385 4050 undas

564 4090 817 4164 Dicere
862 4091 1081 4175 longa
1132 4112 1325 4156 mora
1375 4101 1513 4174 est3
1563 4091 1929 4177 quaerenti
1978 4091 2202 4157 defuit
2248 4088 2456 4155 orbiS.

358 4265 366 4268 μ
455 4197 658 4279 Quae
683 4197 922 4262 omnia
949 4207 1030 4263 ut
1054 4197 1496 4284 suspicemur
1522 4197 1842 4264 efficiunt
1867 4196 2203 4264 Ovidium
2230 4218 2319 4261 ex
2344 4194 2592 4261 eodem

240 4302 436 4368 fonte
506 4303 875 4389 utriusque
944 4304 1103 4369 libri
1175 4303 1720 4390 descriptionem
1791 4305 1878 4369 de
1948 4314 2157 4389 raptu
2226 4311 2297 4367 et
2358 4300 2594 4368 reditu
