3123 4871
1278 299 1717 367 -45—

543 515 881 602 Hyginus
934 516 1160 602 igitur
1215 538 1359 582 non
1409 526 1675 600 narrat,
1731 537 1914 603 quae
1960 516 2176 582 verba
2222 515 2509 583 scholiis
2556 517 2675 583 ad-

314 621 506 689 dita:
556 623 968 708 Lycurgum
1004 622 1339 692 Liberum
1388 644 1541 688 esse
1589 633 2057 711 persecutum,
2106 623 2229 689 sed
2274 624 2388 689 vel
2421 622 2667 689 eadem

315 728 522 811 dicit,
579 750 781 815 quae·
816 728 1198 795 scholiasta
1256 730 1503 795 eodem
1549 731 1706 796 loco
1753 731 2140 796 secundum
2195 728 2669 814 Pherecydem

318 835 657 918 servavit,
703 835 884 901 alius
930 844 1177 922 postea
1226 836 1504 919 delevit,
1553 846 1636 903 ut
1667 856 1881 923 supra
1913 836 2386 904 ostendimus:
2431 824 2673 903 καθ’ὃν

317 937 551 1028 καιρὸν
598 932 839 1021 adroic
882 941 995 1009 καὶ
1041 948 1428 1030 Λυκοῦργος
1471 942 1756 1024 ἐδίωξεν.

542 1067 849 1133 Inseruit
939 1067 1226 1154 quidem
1307 1066 1674 1154 HyginuS,
1763 1068 1883 1154 qui
1971 1067 2385 1157 saepissime
2473 1068 2672 1135 Cata·

321 1173 686 1239 sterismos
735 1174 1136 1240 exscribens
1183 1174 1469 1241 aliunde
1515 1174 1655 1241 alia
1701 1174 1957 1243 addere
2004 1175 2201 1257 solet,
2234 1173 2673 1261 Asclepiadis

323 1280 544 1346 verba
596 1281 888 1365 Hyadas
936 1303 1180 1348 omnes
1227 1292 1503 1367 praeter
1549 1303 1765 1348 unam
1818 1281 1903 1348 ad
1937 1280 2204 1348 Thetin
2251 1279 2673 1368 profugisse,

325 1385 569 1453 statim
623 1397 860 1454 autem
908 1387 1241 1475 perrexit:
1289 1390 1438 1452 Sed
1476 1393 1558 1453 ul
1581 1389 1688 1453 ait
1712 1388 2125 1473 Pherecydes
2154 1388 2251 1452 ad
2286 1388 2551 1453 Thebas.
2582 1424 2674 1438 -—·

326 1495 489 1577 Qua
545 1493 632 1559 de
688 1515 902 1560 causa
951 1494 1327 1581 Hyginum
1377 1494 1646 1561 scholia
1692 1495 1781 1561 ad
1831 1494 2123 1561 Iliadem
2173 1493 2308 1560 hoc
2353 1495 2508 1559 loco
2557 1495 2677 1559 ad-

324 1600 642 1667 hibuisse
711 1611 793 1668 ut
861 1622 1274 1669 censeamus
1345 1622 1559 1668 causa
1630 1623 1772 1668 non
1843 1602 2070 1685 adest3
2140 1601 2455 1668 ordinem
2526 1623 2670 1667 non

312 1714 811 1793 permutatum
859 1707 1041 1794 legit
1086 1716 1158 1773 et
1203 1707 1355 1794 ipse
1398 1718 1470 1774 et
1501 1707 1883 1775 scholiasta
1916 1707 2176 1791 Iliadis,
2208 1717 2290 1775 ut
2324 1707 2673 1774 Rehmius

326 1814 654 1897 coniecit,
716 1814 963 1881 eodem
1019 1814 1242 1901 igitur
1295 1815 1492 1882 fonte
1549 1814 1658 1881 usi
1714 1824 1901 1881 sunt.
1997 1815 2095 1884 Et
2141 1815 2474 1902 quoniam
2523 1816 2674 1899 Hy-

327 1920 579 2006 ginum
627 1921 764 1988 hoc
809 1921 964 1988 loco
995 1921 1537 1990 Catasterismos
1580 1933 1902 1989 secutum
1936 1944 2092 1989 esse
2122 1944 2211 1988 ex
2240 1921 2329 1988 iis
2361 1932 2674 2008 apparet,

327 2050 513 2112 quae
605 2027 854 2115 reliqui
942 2028 1604 2096 Catasterismorum
1694 2028 2119 2115 expilatores
2184 2039 2672 2111 servaverunt,

329 2134 544 2201 etiam
614 2135 856 2203 Iliadis
926 2135 1379 2203 scholiastam
1451 2135 1946 2205 Eratosthenis
2015 2156 2194 2222 opus
2263 2135 2675 2203 adhibuisse

328 2263 742 2308 censeamus
799 2252 1103 2329 oportet3
1176 2242 1311 2309 nisi
1371 2244 1669 2310 fortasse
1726 2264 1868 2309 nou
1917 2242 2484 2326 CatasterismOS,
2546 2243 2672 2310 sed

329 2347 665 2433 quoniam
698 2349 1098 2417 accuratius
1128 2372 1278 2416 rem
1307 2359 1579 2432 tractat,
1606 2349 1989 2435 Catalogos
2014 2349 2341 2438 inspexit,
2369 2372 2668 2439 quorum

328 2457 767 2523 narrationes
814 2457 888 2523 iu
939 2457 1459 2525 Catasterismis
1504 2457 1847 2543 repetitae
1894 2467 2081 2525 sunt.

547 2583 706 2647 Hac
773 2582 847 2647 in
917 2581 1397 2669 disputatione
1465 2581 1754 2667 longius
1824 2583 1913 2648 ab
1984 2582 2245 2650 Ovidio
2314 2582 2675 2649 discedere

329 2708 509 2774 opus
556 2699 707 2756 erat
753 2689 840 2755 ad
890 2689 1520 2756 demonstrandum
1569 2690 1744 2756 duas
1790 2690 1948 2756 illas
1980 2690 2261 2756 fabulae
2293 2690 2552 2756 formas
2585 2727 2666 2737 —

329 2793 506 2859 alios
557 2796 851 2879 Hyadas
921 2818 1178 2863 nomen
1249 2796 1604 2884 accepisse
1670 2820 1714 2863 a
1760 2797 2193 2864 Graecorum
2266 2796 2483 2862 verbo
2538 2789 2676 2876 ὕειν

325 2912 607 2988 putare,
664 2902 839 2968 alios
886 2902 975 2969 ab
1036 2908 1095 2969 Y
1130 2902 1366 2970 littera
1412 2941 1497 2955 -
1545 2903 1619 2969 in
1670 2902 2189 2970 Catasterismis
2235 2902 2453 2969 fuisse
2500 2912 2677 2968 trac-

329 3016 533 3073 tatas,
624 2999 812 3076 Nam
869 3009 927 3075 si
984 3020 1172 3076 recte
1228 3009 1870 3077 demonstravimus
1918 3008 2188 3076 scholia
2235 3010 2325 3074 ad
2373 3009 2670 3076 Iliadem

329 3115 854 3188 Eratosthenici
925 3115 1154 3202 operis
1224 3116 1705 3202 fragmentum
1776 3117 2139 3203 praebere,
2211 3116 2426 3183 etiam
2494 3117 2675 3182 duas

327 3222 489 3288 illas
565 3223 838 3288 fabulas
917 3244 1349 3310 quamquam
1428 3222 1696 3288 scholia
1767 3225 2026 3288 Aratea
2097 3231 2169 3287 et
2239 3223 2672 3290 Basileensia

331 3337 611 3394 tantum
660 3329 966 3413 tradunt,
1015 3330 1103 3394 ad
1139 3329 1683 3398 Eratosthenem
1735 3350 2113 3415 possumus
2160 3331 2434 3412 referre,
2483 3331 2672 3417 quod

328 3436 404 3500 in
454 3434 736 3501 scholiis
783 3435 871 3501 ad
921 3435 1214 3501 Iliadem
1262 3445 1431 3501 sunt
1476 3444 1820 3502 servatae.

546 3560 823 3642 Quibus
870 3560 1339 3648 comprobatis
1386 3560 1561 3626 haec
1608 3560 1682 3626 in
1726 3560 2247 3628 Catasterismis
2293 3561 2512 3627 fuisse
2559 3582 2677 3625 ex-

327 3666 591 3753 plicata
660 3667 1039 3735 verisimile
1097 3668 1334 3754 est231)
1393 3667 1801 3735 Secundum
1854 3667 2328 3752 Pherecydem
2365 3667 2675 3752 'Hyades

328 3784 601 3861 septem
670 3785 838 3841 sunt
885 3774 1121 3844 Liberi
1191 3775 1519 3841 nutrices,
1617 3775 1818 3858 Quae
1889 3797 1930 3840 a
1979 3777 2328 3860 Lycurgo
2381 3775 2675 3859 fugatae

329 3880 667 3952 Liberum
703 3881 908 3948 Inoni
958 3877 1421 3964 tradideruut3
1468 3893 1715 3967 postea
1763 3904 1853 3948 ne
1885 3891 2319 3968 caperentur,
2353 3880 2677 3967 Iuppiter

547 4172 625 4250 31)
671 4174 936 4231 Breviter
1005 4191 1080 4230 ea
1145 4180 1377 4230 tantum
1446 4192 1765 4241 enumero,
1835 4194 1993 4250 quae
2058 4174 2137 4230 ad
2209 4184 2474 4246 nostram
2543 4192 2674 4230 rem

322 4271 625 4341 spectant.
715 4263 812 4319 De
860 4262 1103 4337 reliquis
1152 4261 1226 4320 cf.
1275 4262 1608 4319 Robertum
1656 4284 1714 4338 p.
1768 4263 1890 4323 106
1939 4282 2026 4339 sq.
