<?xml version="1.0" encoding="UTF-8"?>
<!DOCTYPE html PUBLIC "-//W3C//DTD XHTML 1.0 Transitional//EN"
    "http://www.w3.org/TR/xhtml1/DTD/xhtml1-transitional.dtd">
<html xmlns="http://www.w3.org/1999/xhtml" xml:lang="en" lang="en">
 <head>
  <title>
</title>
<meta http-equiv="Content-Type" content="text/html;charset=utf-8" />
  <meta name='ocr-system' content='tesseract 3.04.00' />
  <meta name='ocr-capabilities' content='ocr_page ocr_carea ocr_par ocr_line ocrx_word'/>
</head>
<body>
  <div class='ocr_page' id='page_1' title='image "./quaestionumovid00presgoog_0019.png"; bbox 0 0 3123 4871; ppageno 0'>
   <div class='ocr_carea' id='block_1_1' title="bbox 1232 269 1677 337">
    <p class='ocr_par' dir='ltr' id='par_1_1' title="bbox 1232 269 1677 337">
     <span class='ocr_line' id='line_1_1' title="bbox 1232 269 1677 337; baseline -0.002 -15"><span class='ocrx_word' id='word_1_1' title='bbox 1232 269 1677 337; x_wconf 68' lang='lat'><strong>..13-</strong></span> 
     </span>
    </p>
   </div>
   <div class='ocr_carea' id='block_1_2' title="bbox 252 483 2680 1938">
    <p class='ocr_par' dir='ltr' id='par_1_2' title="bbox 252 483 2680 1938">
     <span class='ocr_line' id='line_1_2' title="bbox 276 483 2637 573; baseline -0.001 -21"><span class='ocrx_word' id='word_1_2' title='bbox 276 486 980 573; x_wconf 88' lang='lat' dir='ltr'>Metamorphosibus</span> <span class='ocrx_word' id='word_1_3' title='bbox 1049 485 1377 571; x_wconf 90' lang='lat' dir='ltr'>legimus,</span> <span class='ocrx_word' id='word_1_4' title='bbox 1425 485 1547 552; x_wconf 91' lang='lat' dir='ltr'>ubi</span> <span class='ocrx_word' id='word_1_5' title='bbox 1593 485 1952 552; x_wconf 82' lang='lat' dir='ltr'>Arethusa</span> <span class='ocrx_word' id='word_1_6' title='bbox 1998 495 2107 551; x_wconf 91' lang='lat' dir='ltr'>est</span> <span class='ocrx_word' id='word_1_7' title='bbox 2156 484 2389 552; x_wconf 89' lang='lat' dir='ltr'>Cereri</span> <span class='ocrx_word' id='word_1_8' title='bbox 2435 483 2637 570; x_wconf 90' lang='lat' dir='ltr'>igno-</span> 
     </span>
     <span class='ocr_line' id='line_1_3' title="bbox 269 585 2635 678; baseline -0.002 -19"><span class='ocrx_word' id='word_1_9' title='bbox 269 593 577 660; x_wconf 86' lang='lat' dir='ltr'>tissima.</span> <span class='ocrx_word' id='word_1_10' title='bbox 615 591 1021 659; x_wconf 89' lang='lat' dir='ltr'>Ostendunt</span> <span class='ocrx_word' id='word_1_11' title='bbox 1045 592 1226 657; x_wconf 90' lang='lat' dir='ltr'>haec</span> <span class='ocrx_word' id='word_1_12' title='bbox 1245 591 1910 678; x_wconf 87' lang='lat' dir='ltr'>Metamorphoseon</span> <span class='ocrx_word' id='word_1_13' title='bbox 1930 613 2179 658; x_wconf 86' lang='lat' dir='ltr'>versus</span> <span class='ocrx_word' id='word_1_14' title='bbox 2202 594 2265 659; x_wconf 93' lang='lat' dir='ltr'>V</span> <span class='ocrx_word' id='word_1_15' title='bbox 2281 585 2635 656; x_wconf 82' lang='lat'>493—505</span> 
     </span>
     <span class='ocr_line' id='line_1_4' title="bbox 272 695 2634 785; baseline -0.001 -20"><span class='ocrx_word' id='word_1_16' title='bbox 272 710 357 766; x_wconf 92' lang='lat' dir='ltr'>et</span> <span class='ocrx_word' id='word_1_17' title='bbox 400 700 476 764; x_wconf 91' lang='lat' dir='ltr'>in</span> <span class='ocrx_word' id='word_1_18' title='bbox 523 699 768 785; x_wconf 88' lang='lat' dir='ltr'>primis</span> <span class='ocrx_word' id='word_1_19' title='bbox 816 721 881 766; x_wconf 88' lang='lat' dir='ltr'>v.</span> <span class='ocrx_word' id='word_1_20' title='bbox 931 695 1061 763; x_wconf 85' lang='lat'>573</span> <span class='ocrx_word' id='word_1_21' title='bbox 1109 721 1230 784; x_wconf 66' lang='lat' dir='ltr'>sq„</span> <span class='ocrx_word' id='word_1_22' title='bbox 1302 698 1422 765; x_wconf 91' lang='lat' dir='ltr'>ubi</span> <span class='ocrx_word' id='word_1_23' title='bbox 1456 698 1809 764; x_wconf 85' lang='lat' dir='ltr'><strong>Arethusa</strong></span> <span class='ocrx_word' id='word_1_24' title='bbox 1852 699 2025 764; x_wconf 92' lang='lat' dir='ltr'>deae</span> <span class='ocrx_word' id='word_1_25' title='bbox 2068 720 2144 763; x_wconf 93' lang='lat' dir='ltr'>se</span> <span class='ocrx_word' id='word_1_26' title='bbox 2185 696 2634 784; x_wconf 85' lang='lat' dir='ltr'><strong>peregrinam</strong></span> 
     </span>
     <span class='ocr_line' id='line_1_5' title="bbox 277 803 2635 888; baseline -0.002 -16"><span class='ocrx_word' id='word_1_27' title='bbox 277 827 439 872; x_wconf 91' lang='lat' dir='ltr'>esse</span> <span class='ocrx_word' id='word_1_28' title='bbox 507 805 579 871; x_wconf 92' lang='lat' dir='ltr'>in</span> <span class='ocrx_word' id='word_1_29' title='bbox 650 805 914 888; x_wconf 86' lang='lat' dir='ltr'>Sicilia,</span> <span class='ocrx_word' id='word_1_30' title='bbox 989 816 1214 872; x_wconf 90' lang='lat' dir='ltr'>ortam</span> <span class='ocrx_word' id='word_1_31' title='bbox 1288 805 1357 871; x_wconf 89' lang='lat' dir='ltr'>in</span> <span class='ocrx_word' id='word_1_32' title='bbox 1408 805 1679 871; x_wconf 86' lang='lat' dir='ltr'>Achaia</span> <span class='ocrx_word' id='word_1_33' title='bbox 1749 805 2035 871; x_wconf 89' lang='lat' dir='ltr'>nuntiat</span> <span class='ocrx_word' id='word_1_34' title='bbox 2104 815 2176 871; x_wconf 92' lang='lat' dir='ltr'>et</span> <span class='ocrx_word' id='word_1_35' title='bbox 2237 803 2374 870; x_wconf 88' lang='lat' dir='ltr'>alia</span> <span class='ocrx_word' id='word_1_36' title='bbox 2420 803 2635 870; x_wconf 84' lang='lat' dir='ltr'>huius</span> 
     </span>
     <span class='ocr_line' id='line_1_6' title="bbox 277 910 2636 999; baseline -0.001 -21"><span class='ocrx_word' id='word_1_37' title='bbox 277 912 495 980; x_wconf 87' lang='lat' dir='ltr'>modi.</span> <span class='ocrx_word' id='word_1_38' title='bbox 592 914 824 996; x_wconf 79' lang='lat' dir='ltr'>Quam</span> <span class='ocrx_word' id='word_1_39' title='bbox 903 911 1446 999; x_wconf 86' lang='lat' dir='ltr'>discrepantiam</span> <span class='ocrx_word' id='word_1_40' title='bbox 1526 912 1663 978; x_wconf 92' lang='lat' dir='ltr'>hoc</span> <span class='ocrx_word' id='word_1_41' title='bbox 1738 911 1948 977; x_wconf 92' lang='lat' dir='ltr'>modo</span> <span class='ocrx_word' id='word_1_42' title='bbox 2017 910 2357 978; x_wconf 92' lang='lat' dir='ltr'>declarari</span> <span class='ocrx_word' id='word_1_43' title='bbox 2429 931 2636 997; x_wconf 88' lang='lat' dir='ltr'>posse</span> 
     </span>
     <span class='ocr_line' id='line_1_7' title="bbox 277 1017 2635 1107; baseline -0.002 -21"><span class='ocrx_word' id='word_1_44' title='bbox 277 1029 490 1107; x_wconf 86' lang='lat' dir='ltr'>puto:</span> <span class='ocrx_word' id='word_1_45' title='bbox 570 1018 872 1086; x_wconf 89' lang='lat' dir='ltr'>Ovidius</span> <span class='ocrx_word' id='word_1_46' title='bbox 949 1018 1023 1084; x_wconf 91' lang='lat' dir='ltr'>in</span> <span class='ocrx_word' id='word_1_47' title='bbox 1099 1019 1331 1105; x_wconf 91' lang='lat' dir='ltr'>primo</span> <span class='ocrx_word' id='word_1_48' title='bbox 1409 1020 1604 1084; x_wconf 86' lang='lat' dir='ltr'>fonte</span> <span class='ocrx_word' id='word_1_49' title='bbox 1681 1018 1861 1103; x_wconf 89' lang='lat' dir='ltr'>legit</span> <span class='ocrx_word' id='word_1_50' title='bbox 1935 1018 2126 1103; x_wconf 91' lang='lat' dir='ltr'>apud</span> <span class='ocrx_word' id='word_1_51' title='bbox 2208 1017 2635 1084; x_wconf 86' lang='lat' dir='ltr'>Arethusam</span> 
     </span>
     <span class='ocr_line' id='line_1_8' title="bbox 283 1124 2639 1211; baseline -0.001 -20"><span class='ocrx_word' id='word_1_52' title='bbox 283 1126 608 1192; x_wconf 86' lang='lat' dir='ltr'>Cererem</span> <span class='ocrx_word' id='word_1_53' title='bbox 658 1126 896 1191; x_wconf 82' lang='lat' dir='ltr'>fuisse.</span> <span class='ocrx_word' id='word_1_54' title='bbox 975 1127 1162 1191; x_wconf 89' lang='lat' dir='ltr'>Nam</span> <span class='ocrx_word' id='word_1_55' title='bbox 1210 1125 1443 1211; x_wconf 90' lang='lat' dir='ltr'>ipsum</span> <span class='ocrx_word' id='word_1_56' title='bbox 1496 1147 1660 1190; x_wconf 90' lang='lat' dir='ltr'>eum</span> <span class='ocrx_word' id='word_1_57' title='bbox 1710 1125 1885 1191; x_wconf 89' lang='lat' dir='ltr'>haec</span> <span class='ocrx_word' id='word_1_58' title='bbox 1932 1124 2227 1190; x_wconf 85' lang='lat' dir='ltr'>finxisse</span> <span class='ocrx_word' id='word_1_59' title='bbox 2276 1134 2356 1190; x_wconf 91' lang='lat' dir='ltr'>ut</span> <span class='ocrx_word' id='word_1_60' title='bbox 2404 1145 2639 1189; x_wconf 89' lang='lat' dir='ltr'>cense-</span> 
     </span>
     <span class='ocr_line' id='line_1_9' title="bbox 281 1231 2636 1315; baseline -0.001 -17"><span class='ocrx_word' id='word_1_61' title='bbox 281 1253 517 1314; x_wconf 83' lang='lat' dir='ltr'>amuS,</span> <span class='ocrx_word' id='word_1_62' title='bbox 587 1254 799 1298; x_wconf 91' lang='lat' dir='ltr'>causa</span> <span class='ocrx_word' id='word_1_63' title='bbox 863 1253 1007 1298; x_wconf 92' lang='lat' dir='ltr'>non</span> <span class='ocrx_word' id='word_1_64' title='bbox 1077 1232 1298 1299; x_wconf 87' lang='lat' dir='ltr'>adest.</span> <span class='ocrx_word' id='word_1_65' title='bbox 1393 1233 1596 1315; x_wconf 79' lang='lat' dir='ltr'>Quae</span> <span class='ocrx_word' id='word_1_66' title='bbox 1667 1231 2066 1298; x_wconf 87' lang='lat' dir='ltr'>Arethusae</span> <span class='ocrx_word' id='word_1_67' title='bbox 2135 1231 2404 1296; x_wconf 90' lang='lat' dir='ltr'>mentio</span> <span class='ocrx_word' id='word_1_68' title='bbox 2474 1252 2636 1296; x_wconf 91' lang='lat' dir='ltr'>eum</span> 
     </span>
     <span class='ocr_line' id='line_1_10' title="bbox 285 1326 2680 1425; baseline -0.001 -20"><span class='ocrx_word' id='word_1_69' title='bbox 285 1339 958 1425; x_wconf 86' lang='lat' dir='ltr'>Metamorphoseon</span> <span class='ocrx_word' id='word_1_70' title='bbox 1006 1338 1222 1404; x_wconf 90' lang='lat' dir='ltr'>libros</span> <span class='ocrx_word' id='word_1_71' title='bbox 1270 1350 1811 1424; x_wconf 89' lang='lat' dir='ltr'>componentem</span> <span class='ocrx_word' id='word_1_72' title='bbox 1862 1338 2266 1415; x_wconf 81' lang='lat' dir='ltr'>commovit,</span> <span class='ocrx_word' id='word_1_73' title='bbox 2303 1348 2381 1403; x_wconf 93' lang='lat' dir='ltr'>ut</span> <span class='ocrx_word' id='word_1_74' title='bbox 2415 1347 2639 1402; x_wconf 89' lang='lat' dir='ltr'>muta·</span> <span class='ocrx_word' id='word_1_75' title='bbox 2675 1326 2680 1331; x_wconf 65' lang='grc'><strong><em>’</em></strong></span> 
     </span>
     <span class='ocr_line' id='line_1_11' title="bbox 282 1443 2638 1531; baseline -0.002 -19"><span class='ocrx_word' id='word_1_76' title='bbox 282 1446 554 1512; x_wconf 88' lang='lat' dir='ltr'>tionem</span> <span class='ocrx_word' id='word_1_77' title='bbox 613 1445 764 1511; x_wconf 90' lang='lat' dir='ltr'>eius</span> <span class='ocrx_word' id='word_1_78' title='bbox 823 1455 1164 1527; x_wconf 83' lang='lat' dir='ltr'>narraret3</span> <span class='ocrx_word' id='word_1_79' title='bbox 1223 1466 1435 1531; x_wconf 91' lang='lat' dir='ltr'>quam</span> <span class='ocrx_word' id='word_1_80' title='bbox 1489 1467 1631 1531; x_wconf 89' lang='lat' dir='ltr'>quo</span> <span class='ocrx_word' id='word_1_81' title='bbox 1678 1444 1915 1530; x_wconf 91' lang='lat' dir='ltr'>magis</span> <span class='ocrx_word' id='word_1_82' title='bbox 1963 1443 2430 1529; x_wconf 87' lang='lat' dir='ltr'>coniungeret</span> <span class='ocrx_word' id='word_1_83' title='bbox 2477 1464 2638 1509; x_wconf 91' lang='lat' dir='ltr'>cum</span> 
     </span>
     <span class='ocr_line' id='line_1_12' title="bbox 288 1551 2637 1639; baseline -0.002 -21"><span class='ocrx_word' id='word_1_84' title='bbox 288 1552 748 1639; x_wconf 87' lang='lat' dir='ltr'>Proserpinae</span> <span class='ocrx_word' id='word_1_85' title='bbox 809 1551 1078 1633; x_wconf 79' lang='lat' dir='ltr'>fabula,</span> <span class='ocrx_word' id='word_1_86' title='bbox 1146 1574 1287 1619; x_wconf 91' lang='lat' dir='ltr'>non</span> <span class='ocrx_word' id='word_1_87' title='bbox 1349 1553 1598 1632; x_wconf 89' lang='lat' dir='ltr'>solem,</span> <span class='ocrx_word' id='word_1_88' title='bbox 1668 1552 1789 1617; x_wconf 92' lang='lat' dir='ltr'>sed</span> <span class='ocrx_word' id='word_1_89' title='bbox 1841 1551 2231 1638; x_wconf 86' lang='lat' dir='ltr'>nympham</span> <span class='ocrx_word' id='word_1_90' title='bbox 2279 1560 2637 1637; x_wconf 85' lang='lat' dir='ltr'>raptorem</span> 
     </span>
     <span class='ocr_line' id='line_1_13' title="bbox 285 1657 2640 1743; baseline -0.002 -18"><span class='ocrx_word' id='word_1_91' title='bbox 285 1658 637 1725; x_wconf 87' lang='lat' dir='ltr'>indicasse</span> <span class='ocrx_word' id='word_1_92' title='bbox 706 1658 936 1724; x_wconf 85' lang='lat' dir='ltr'>finxit.</span> <span class='ocrx_word' id='word_1_93' title='bbox 1032 1658 1307 1724; x_wconf 90' lang='lat' dir='ltr'>Deinde</span> <span class='ocrx_word' id='word_1_94' title='bbox 1372 1668 1451 1723; x_wconf 92' lang='lat' dir='ltr'>ut</span> <span class='ocrx_word' id='word_1_95' title='bbox 1516 1679 1648 1723; x_wconf 90' lang='lat' dir='ltr'>suo</span> <span class='ocrx_word' id='word_1_96' title='bbox 1714 1679 1907 1722; x_wconf 92' lang='lat' dir='ltr'>more</span> <span class='ocrx_word' id='word_1_97' title='bbox 1955 1657 2267 1722; x_wconf 86' lang='lat' dir='ltr'>fabulam</span> <span class='ocrx_word' id='word_1_98' title='bbox 2314 1667 2640 1743; x_wconf 91' lang='lat' dir='ltr'>repetens</span> 
     </span>
     <span class='ocr_line' id='line_1_14' title="bbox 252 1762 2641 1851; baseline -0.003 -18"><span class='ocrx_word' id='word_1_99' title='bbox 252 1765 621 1848; x_wconf 88' lang='lat' dir='ltr'>-variaret,</span> <span class='ocrx_word' id='word_1_100' title='bbox 690 1765 764 1830; x_wconf 90' lang='lat' dir='ltr'>in</span> <span class='ocrx_word' id='word_1_101' title='bbox 826 1764 1059 1832; x_wconf 87' lang='lat' dir='ltr'>Fastis</span> <span class='ocrx_word' id='word_1_102' title='bbox 1129 1764 1443 1851; x_wconf 88' lang='lat' dir='ltr'>primarii</span> <span class='ocrx_word' id='word_1_103' title='bbox 1517 1764 1921 1830; x_wconf 88' lang='lat' dir='ltr'>narratione</span> <span class='ocrx_word' id='word_1_104' title='bbox 1990 1765 2078 1830; x_wconf 93' lang='lat' dir='ltr'>de</span> <span class='ocrx_word' id='word_1_105' title='bbox 2126 1764 2375 1830; x_wconf 86' lang='lat' dir='ltr'>Cerere</span> <span class='ocrx_word' id='word_1_106' title='bbox 2450 1762 2641 1850; x_wconf 89' lang='lat' dir='ltr'>apud</span> 
     </span>
     <span class='ocr_line' id='line_1_15' title="bbox 285 1874 1646 1938; baseline -0.001 0"><span class='ocrx_word' id='word_1_107' title='bbox 285 1874 718 1938; x_wconf 87' lang='lat' dir='ltr'>Arethusam</span> <span class='ocrx_word' id='word_1_108' title='bbox 768 1881 1249 1938; x_wconf 87' lang='lat' dir='ltr'>commorante</span> <span class='ocrx_word' id='word_1_109' title='bbox 1299 1892 1469 1937; x_wconf 89' lang='lat' dir='ltr'>usus</span> <span class='ocrx_word' id='word_1_110' title='bbox 1520 1880 1646 1936; x_wconf 88' lang='lat' dir='ltr'>est.</span> 
     </span>
    </p>
   </div>
   <div class='ocr_carea' id='block_1_3' title="bbox 288 2010 2642 2207">
    <p class='ocr_par' dir='ltr' id='par_1_3' title="bbox 288 2010 2642 2207">
     <span class='ocr_line' id='line_1_16' title="bbox 510 2010 2637 2099; baseline -0.001 -20"><span class='ocrx_word' id='word_1_111' title='bbox 510 2016 713 2081; x_wconf 84' lang='lat' dir='ltr'>Haec</span> <span class='ocrx_word' id='word_1_112' title='bbox 789 2013 1257 2080; x_wconf 88' lang='lat' dir='ltr'>consideratio</span> <span class='ocrx_word' id='word_1_113' title='bbox 1324 2035 1665 2099; x_wconf 89' lang='lat' dir='ltr'>magnam</span> <span class='ocrx_word' id='word_1_114' title='bbox 1737 2013 2118 2080; x_wconf 88' lang='lat' dir='ltr'>utilitatem</span> <span class='ocrx_word' id='word_1_115' title='bbox 2191 2022 2474 2078; x_wconf 88' lang='lat' dir='ltr'>nostrae</span> <span class='ocrx_word' id='word_1_116' title='bbox 2541 2010 2637 2076; x_wconf 90' lang='lat' dir='ltr'>rei</span> 
     </span>
     <span class='ocr_line' id='line_1_17' title="bbox 288 2119 2642 2207; baseline -0.002 -20"><span class='ocrx_word' id='word_1_117' title='bbox 288 2121 521 2203; x_wconf 80' lang='lat' dir='ltr'>affert,</span> <span class='ocrx_word' id='word_1_118' title='bbox 581 2121 770 2207; x_wconf 90' lang='lat' dir='ltr'>quod</span> <span class='ocrx_word' id='word_1_119' title='bbox 818 2121 1126 2207; x_wconf 88' lang='lat' dir='ltr'>primum</span> <span class='ocrx_word' id='word_1_120' title='bbox 1173 2120 1464 2207; x_wconf 88' lang='lat' dir='ltr'>praebet</span> <span class='ocrx_word' id='word_1_121' title='bbox 1510 2120 1914 2206; x_wconf 85' lang='lat' dir='ltr'>exemplum</span> <span class='ocrx_word' id='word_1_122' title='bbox 1966 2129 2251 2206; x_wconf 91' lang='lat' dir='ltr'>poetam</span> <span class='ocrx_word' id='word_1_123' title='bbox 2298 2119 2371 2185; x_wconf 85' lang='lat' dir='ltr'>in</span> <span class='ocrx_word' id='word_1_124' title='bbox 2424 2121 2642 2183; x_wconf 88' lang='lat' dir='ltr'>Meta-</span> 
     </span>
    </p>
   </div>
   <div class='ocr_carea' id='block_1_4' title="bbox 290 2225 2642 2401">
    <p class='ocr_par' dir='ltr' id='par_1_4' title="bbox 290 2225 2642 2401">
     <span class='ocr_line' id='line_1_18' title="bbox 290 2225 2642 2313; baseline -0.002 -20"><span class='ocrx_word' id='word_1_125' title='bbox 290 2226 790 2313; x_wconf 89' lang='lat' dir='ltr'>morphosibus</span> <span class='ocrx_word' id='word_1_126' title='bbox 859 2225 1246 2294; x_wconf 90' lang='lat' dir='ltr'>narrationi</span> <span class='ocrx_word' id='word_1_127' title='bbox 1310 2227 1397 2292; x_wconf 92' lang='lat' dir='ltr'>de</span> <span class='ocrx_word' id='word_1_128' title='bbox 1459 2238 1667 2312; x_wconf 91' lang='lat' dir='ltr'>raptu</span> <span class='ocrx_word' id='word_1_129' title='bbox 1734 2227 2021 2292; x_wconf 86' lang='lat' dir='ltr'>aliunde</span> <span class='ocrx_word' id='word_1_130' title='bbox 2068 2225 2281 2292; x_wconf 89' lang='lat' dir='ltr'>aliam</span> <span class='ocrx_word' id='word_1_131' title='bbox 2328 2225 2642 2291; x_wconf 80' lang='lat' dir='ltr'>fabulam</span> 
     </span>
     <span class='ocr_line' id='line_1_19' title="bbox 290 2355 694 2401; baseline 0.005 -3"><span class='ocrx_word' id='word_1_132' title='bbox 290 2355 694 2401; x_wconf 72' lang='lat' dir='ltr'>inseruisse.</span> 
     </span>
    </p>
   </div>
   <div class='ocr_carea' id='block_1_5' title="bbox 296 2475 2644 2757">
    <p class='ocr_par' dir='ltr' id='par_1_5' title="bbox 296 2475 2644 2757">
     <span class='ocr_line' id='line_1_20' title="bbox 507 2475 2644 2544; baseline -0.002 0"><span class='ocrx_word' id='word_1_133' title='bbox 507 2477 648 2544; x_wconf 89' lang='lat' dir='ltr'>Sed</span> <span class='ocrx_word' id='word_1_134' title='bbox 728 2476 942 2544; x_wconf 89' lang='lat' dir='ltr'>etiam</span> <span class='ocrx_word' id='word_1_135' title='bbox 1023 2476 1234 2542; x_wconf 91' lang='lat' dir='ltr'>aliam</span> <span class='ocrx_word' id='word_1_136' title='bbox 1315 2476 1801 2542; x_wconf 87' lang='lat' dir='ltr'>diversitatem</span> <span class='ocrx_word' id='word_1_137' title='bbox 1886 2475 2424 2542; x_wconf 89' lang='lat' dir='ltr'>Krassowskius</span> <span class='ocrx_word' id='word_1_138' title='bbox 2501 2495 2644 2541; x_wconf 90' lang='lat' dir='ltr'>non</span> 
     </span>
     <span class='ocr_line' id='line_1_21' title="bbox 296 2579 2644 2670; baseline -0.001 -21"><span class='ocrx_word' id='word_1_139' title='bbox 296 2583 830 2650; x_wconf 83' lang='lat' dir='ltr'>animadvertit:</span> <span class='ocrx_word' id='word_1_140' title='bbox 879 2586 963 2649; x_wconf 92' lang='lat' dir='ltr'>In</span> <span class='ocrx_word' id='word_1_141' title='bbox 1014 2582 1247 2650; x_wconf 90' lang='lat' dir='ltr'>Fastis</span> <span class='ocrx_word' id='word_1_142' title='bbox 1296 2586 1420 2668; x_wconf 90' lang='lat' dir='ltr'>(1V</span> <span class='ocrx_word' id='word_1_143' title='bbox 1454 2579 1830 2664; x_wconf 84' lang='lat'>559—560)</span> <span class='ocrx_word' id='word_1_144' title='bbox 1882 2583 2088 2649; x_wconf 88' lang='lat' dir='ltr'>Ceres</span> <span class='ocrx_word' id='word_1_145' title='bbox 2120 2581 2644 2670; x_wconf 87' lang='lat' dir='ltr'>Triptolemum</span> 
     </span>
     <span class='ocr_line' id='line_1_22' title="bbox 298 2691 1246 2757; baseline 0 -2"><span class='ocrx_word' id='word_1_146' title='bbox 298 2700 710 2757; x_wconf 90' lang='lat' dir='ltr'>muneratur</span> <span class='ocrx_word' id='word_1_147' title='bbox 758 2691 933 2757; x_wconf 88' lang='lat' dir='ltr'>haec</span> <span class='ocrx_word' id='word_1_148' title='bbox 977 2692 1246 2757; x_wconf 89' lang='lat' dir='ltr'>locuta:</span> 
     </span>
    </p>
   </div>
   <div class='ocr_carea' id='block_1_6' title="bbox 618 2831 2508 3028">
    <p class='ocr_par' dir='ltr' id='par_1_6' title="bbox 618 2831 2508 3028">
     <span class='ocr_line' id='line_1_23' title="bbox 618 2831 2450 2919; baseline -0.001 -20"><span class='ocrx_word' id='word_1_149' title='bbox 618 2835 762 2899; x_wconf 90' lang='lat' dir='ltr'>Iste</span> <span class='ocrx_word' id='word_1_150' title='bbox 809 2832 1096 2919; x_wconf 90' lang='lat' dir='ltr'>quidem</span> <span class='ocrx_word' id='word_1_151' title='bbox 1146 2833 1462 2900; x_wconf 88' lang='lat' dir='ltr'>mortalis</span> <span class='ocrx_word' id='word_1_152' title='bbox 1509 2833 1645 2899; x_wconf 92' lang='lat' dir='ltr'>erit</span> <span class='ocrx_word' id='word_1_153' title='bbox 1691 2843 1771 2899; x_wconf 92' lang='lat' dir='ltr'>et</span> <span class='ocrx_word' id='word_1_154' title='bbox 1815 2832 2130 2919; x_wconf 89' lang='lat' dir='ltr'>primus</span> <span class='ocrx_word' id='word_1_155' title='bbox 2178 2831 2450 2898; x_wconf 90' lang='lat' dir='ltr'>arabit</span> 
     </span>
     <span class='ocr_line' id='line_1_24' title="bbox 706 2939 2508 3028; baseline -0.002 -19"><span class='ocrx_word' id='word_1_156' title='bbox 706 2940 814 3009; x_wconf 78' lang='lat' dir='ltr'>Et</span> <span class='ocrx_word' id='word_1_157' title='bbox 858 2951 1083 3006; x_wconf 86' lang='lat' dir='ltr'>seret</span> <span class='ocrx_word' id='word_1_158' title='bbox 1129 2951 1211 3008; x_wconf 93' lang='lat' dir='ltr'>et</span> <span class='ocrx_word' id='word_1_159' title='bbox 1257 2941 1482 3007; x_wconf 90' lang='lat' dir='ltr'>culta</span> <span class='ocrx_word' id='word_1_160' title='bbox 1529 2940 1900 3028; x_wconf 90' lang='lat' dir='ltr'>praemia</span> <span class='ocrx_word' id='word_1_161' title='bbox 1949 2940 2196 3006; x_wconf 91' lang='lat' dir='ltr'>tollet</span> <span class='ocrx_word' id='word_1_162' title='bbox 2240 2939 2508 3006; x_wconf 76' lang='lat' dir='ltr'>humo,</span> 
     </span>
    </p>
   </div>
   <div class='ocr_carea' id='block_1_7' title="bbox 301 3081 2648 3274">
    <p class='ocr_par' dir='ltr' id='par_1_7' title="bbox 301 3081 2648 3274">
     <span class='ocr_line' id='line_1_25' title="bbox 513 3081 2648 3169; baseline 0 -22"><span class='ocrx_word' id='word_1_163' title='bbox 513 3084 674 3148; x_wconf 89' lang='lat' dir='ltr'>Hoc</span> <span class='ocrx_word' id='word_1_164' title='bbox 757 3081 982 3167; x_wconf 88' lang='lat' dir='ltr'>igitur</span> <span class='ocrx_word' id='word_1_165' title='bbox 1055 3083 1211 3149; x_wconf 87' lang='lat' dir='ltr'>loco</span> <span class='ocrx_word' id='word_1_166' title='bbox 1286 3093 1499 3169; x_wconf 91' lang='lat' dir='ltr'>poeta</span> <span class='ocrx_word' id='word_1_167' title='bbox 1577 3082 1737 3148; x_wconf 91' lang='lat' dir='ltr'>illos</span> <span class='ocrx_word' id='word_1_168' title='bbox 1815 3082 2161 3168; x_wconf 89' lang='lat' dir='ltr'>sequitur,</span> <span class='ocrx_word' id='word_1_169' title='bbox 2239 3081 2361 3168; x_wconf 88' lang='lat' dir='ltr'>qui</span> <span class='ocrx_word' id='word_1_170' title='bbox 2438 3090 2648 3148; x_wconf 89' lang='lat' dir='ltr'>antea</span> 
     </span>
     <span class='ocr_line' id='line_1_26' title="bbox 301 3188 2411 3274; baseline -0.001 -19"><span class='ocrx_word' id='word_1_171' title='bbox 301 3188 814 3274; x_wconf 85' lang='lat' dir='ltr'>agriculturam</span> <span class='ocrx_word' id='word_1_172' title='bbox 861 3188 1270 3256; x_wconf 89' lang='lat' dir='ltr'>hominibus</span> <span class='ocrx_word' id='word_1_173' title='bbox 1316 3194 1640 3274; x_wconf 91' lang='lat' dir='ltr'>ignotam</span> <span class='ocrx_word' id='word_1_174' title='bbox 1689 3188 1904 3254; x_wconf 86' lang='lat' dir='ltr'>fuisse</span> <span class='ocrx_word' id='word_1_175' title='bbox 1953 3189 2411 3255; x_wconf 90' lang='lat' dir='ltr'>tradiderunt.</span> 
     </span>
    </p>
   </div>
   <div class='ocr_carea' id='block_1_8' title="bbox 515 3327 2648 3419">
    <p class='ocr_par' dir='ltr' id='par_1_8' title="bbox 515 3327 2648 3419">
     <span class='ocr_line' id='line_1_27' title="bbox 515 3327 2648 3419; baseline 0 -23"><span class='ocrx_word' id='word_1_176' title='bbox 515 3331 780 3397; x_wconf 88' lang='lat' dir='ltr'>Contra</span> <span class='ocrx_word' id='word_1_177' title='bbox 827 3330 899 3397; x_wconf 90' lang='lat' dir='ltr'>in</span> <span class='ocrx_word' id='word_1_178' title='bbox 941 3330 1630 3418; x_wconf 87' lang='lat' dir='ltr'>Metamorphosibus</span> <span class='ocrx_word' id='word_1_179' title='bbox 1662 3330 1837 3396; x_wconf 88' lang='lat' dir='ltr'>haec</span> <span class='ocrx_word' id='word_1_180' title='bbox 1867 3330 2177 3416; x_wconf 88' lang='lat' dir='ltr'>legimus</span> <span class='ocrx_word' id='word_1_181' title='bbox 2208 3331 2303 3417; x_wconf 93' lang='lat' dir='ltr'>(V</span> <span class='ocrx_word' id='word_1_182' title='bbox 2334 3327 2465 3396; x_wconf 85' lang='lat'>474</span> <span class='ocrx_word' id='word_1_183' title='bbox 2497 3331 2648 3419; x_wconf 89' lang='lat' dir='ltr'>sq.):</span> 
     </span>
    </p>
   </div>
   <div class='ocr_carea' id='block_1_9' title="bbox 618 3455 2653 4290">
    <p class='ocr_par' dir='ltr' id='par_1_9' title="bbox 618 3455 2647 3738">
     <span class='ocr_line' id='line_1_28' title="bbox 689 3455 2007 3542; baseline -0.002 -19"><span class='ocrx_word' id='word_1_184' title='bbox 689 3509 703 3524; x_wconf 88' lang='lat'><strong>.</strong></span> <span class='ocrx_word' id='word_1_185' title='bbox 755 3508 768 3522; x_wconf 90' lang='lat'><strong>.</strong></span> <span class='ocrx_word' id='word_1_186' title='bbox 821 3466 1040 3522; x_wconf 89' lang='lat' dir='ltr'>terras</span> <span class='ocrx_word' id='word_1_187' title='bbox 1091 3468 1328 3522; x_wconf 90' lang='lat' dir='ltr'>tamen</span> <span class='ocrx_word' id='word_1_188' title='bbox 1376 3455 1695 3542; x_wconf 89' lang='lat' dir='ltr'>increpat</span> <span class='ocrx_word' id='word_1_189' title='bbox 1740 3476 2007 3535; x_wconf 80' lang='lat' dir='ltr'>omneS‚</span> 
     </span>
     <span class='ocr_line' id='line_1_29' title="bbox 621 3563 2647 3650; baseline 0 -23"><span class='ocrx_word' id='word_1_190' title='bbox 621 3565 1096 3649; x_wconf 90' lang='lat' dir='ltr'>Ingratasque</span> <span class='ocrx_word' id='word_1_191' title='bbox 1145 3572 1353 3628; x_wconf 89' lang='lat' dir='ltr'>vocat</span> <span class='ocrx_word' id='word_1_192' title='bbox 1397 3583 1545 3628; x_wconf 90' lang='lat' dir='ltr'>nec</span> <span class='ocrx_word' id='word_1_193' title='bbox 1580 3563 1916 3648; x_wconf 87' lang='lat' dir='ltr'>frugum</span> <span class='ocrx_word' id='word_1_194' title='bbox 1948 3584 2286 3628; x_wconf 91' lang='lat' dir='ltr'>munere</span> <span class='ocrx_word' id='word_1_195' title='bbox 2318 3563 2647 3650; x_wconf 82' lang='lat' dir='ltr'>dignaS,</span> 
     </span>
     <span class='ocr_line' id='line_1_30' title="bbox 618 3668 2108 3738; baseline 0.001 -3"><span class='ocrx_word' id='word_1_196' title='bbox 618 3669 1056 3735; x_wconf 86' lang='lat' dir='ltr'>Trinacriam</span> <span class='ocrx_word' id='word_1_197' title='bbox 1107 3680 1271 3735; x_wconf 90' lang='lat' dir='ltr'>ante</span> <span class='ocrx_word' id='word_1_198' title='bbox 1319 3668 1494 3735; x_wconf 90' lang='lat' dir='ltr'>alias</span> <span class='ocrx_word' id='word_1_199' title='bbox 1543 3694 1560 3736; x_wconf 70' lang='grc'>.’</span> <span class='ocrx_word' id='word_1_200' title='bbox 1612 3723 1625 3736; x_wconf 95' lang='grc'><strong>.</strong></span> <span class='ocrx_word' id='word_1_201' title='bbox 1679 3723 1692 3736; x_wconf 95' lang='grc'><strong>.</strong></span> <span class='ocrx_word' id='word_1_202' title='bbox 1746 3723 1759 3738; x_wconf 92' lang='grc'><strong>.</strong></span> <span class='ocrx_word' id='word_1_203' title='bbox 1812 3723 1825 3736; x_wconf 95' lang='grc'><strong>.</strong></span> <span class='ocrx_word' id='word_1_204' title='bbox 2103 3683 2108 3688; x_wconf 73' lang='grc'>’</span> 
     </span>
    </p>

    <p class='ocr_par' dir='ltr' id='par_1_10' title="bbox 622 3775 2347 3970">
     <span class='ocr_line' id='line_1_31' title="bbox 689 3775 2347 3862; baseline -0.001 -18"><span class='ocrx_word' id='word_1_205' title='bbox 689 3831 702 3844; x_wconf 95' lang='grc'><strong>.</strong></span> <span class='ocrx_word' id='word_1_206' title='bbox 756 3829 770 3843; x_wconf 94' lang='grc'><strong>.</strong></span> <span class='ocrx_word' id='word_1_207' title='bbox 821 3798 992 3862; x_wconf 90' lang='lat' dir='ltr'>ergo</span> <span class='ocrx_word' id='word_1_208' title='bbox 1039 3775 1182 3842; x_wconf 92' lang='lat' dir='ltr'>illic</span> <span class='ocrx_word' id='word_1_209' title='bbox 1229 3798 1477 3842; x_wconf 91' lang='lat' dir='ltr'>saeva</span> <span class='ocrx_word' id='word_1_210' title='bbox 1525 3776 1955 3842; x_wconf 88' lang='lat' dir='ltr'>vertentia</span> <span class='ocrx_word' id='word_1_211' title='bbox 2004 3776 2347 3862; x_wconf 86' lang='lat' dir='ltr'>glaebas</span> 
     </span>
     <span class='ocr_line' id='line_1_32' title="bbox 622 3882 2068 4000; baseline 0.002 -52"><span class='ocrx_word' id='word_1_212' title='bbox 622 3882 919 3970; x_wconf 87' lang='lat' dir='ltr'>Fregit</span> <span class='ocrx_word' id='word_1_213' title='bbox 965 3893 1243 4000; x_wconf 87' lang='lat' dir='ltr'>aratra</span> <span class='ocrx_word' id='word_1_214' title='bbox 1291 3905 1533 3950; x_wconf 90' lang='lat' dir='ltr'>manu</span> <span class='ocrx_word' id='word_1_215' title='bbox 1589 3889 1626 3949; x_wconf 80' lang='grc'>.’</span> <span class='ocrx_word' id='word_1_216' title='bbox 1656 3936 2068 3951; x_wconf 91' lang='grc'><strong>.......</strong></span> 
     </span>
    </p>

    <p class='ocr_par' dir='ltr' id='par_1_11' title="bbox 624 3990 2653 4290">
     <span class='ocr_line' id='line_1_33' title="bbox 695 3990 2653 4077; baseline -0.001 -18"><span class='ocrx_word' id='word_1_217' title='bbox 695 4041 1914 4059; x_wconf 87' lang='grc'><strong>...................</strong></span> <span class='ocrx_word' id='word_1_218' title='bbox 1965 3993 2334 4077; x_wconf 82' lang='lat' dir='ltr'>arvaque</span> <span class='ocrx_word' id='word_1_219' title='bbox 2396 3990 2653 4057; x_wconf 88' lang='lat' dir='ltr'>iussit</span> 
     </span>
     <span class='ocr_line' id='line_1_34' title="bbox 625 4096 2649 4184; baseline 0 -23"><span class='ocrx_word' id='word_1_220' title='bbox 625 4098 950 4164; x_wconf 89' lang='lat' dir='ltr'>Fallere</span> <span class='ocrx_word' id='word_1_221' title='bbox 1008 4097 1481 4184; x_wconf 88' lang='lat' dir='ltr'>depositum</span> <span class='ocrx_word' id='word_1_222' title='bbox 1540 4096 2016 4184; x_wconf 90' lang='lat' dir='ltr'>vitiataque</span> <span class='ocrx_word' id='word_1_223' title='bbox 2063 4097 2377 4164; x_wconf 91' lang='lat' dir='ltr'>semina</span> <span class='ocrx_word' id='word_1_224' title='bbox 2427 4097 2649 4166; x_wconf 80' lang='lat' dir='ltr'>fecit.</span> 
     </span>
     <span class='ocr_line' id='line_1_35' title="bbox 624 4203 2652 4290; baseline 0.001 -22"><span class='ocrx_word' id='word_1_225' title='bbox 624 4203 1061 4271; x_wconf 89' lang='lat' dir='ltr'>Fertilitas</span> <span class='ocrx_word' id='word_1_226' title='bbox 1126 4215 1397 4271; x_wconf 90' lang='lat' dir='ltr'>terrae</span> <span class='ocrx_word' id='word_1_227' title='bbox 1457 4206 1719 4270; x_wconf 90' lang='lat' dir='ltr'>latum</span> <span class='ocrx_word' id='word_1_228' title='bbox 1784 4205 2135 4290; x_wconf 90' lang='lat' dir='ltr'>vulgata</span> <span class='ocrx_word' id='word_1_229' title='bbox 2181 4225 2325 4290; x_wconf 91' lang='lat' dir='ltr'>per</span> <span class='ocrx_word' id='word_1_230' title='bbox 2371 4204 2652 4271; x_wconf 92' lang='lat' dir='ltr'>orbem</span> 
     </span>
    </p>
   </div>
  </div>
 </body>
</html>
