<?xml version="1.0" encoding="UTF-8"?>
<!DOCTYPE html PUBLIC "-//W3C//DTD XHTML 1.0 Transitional//EN"
    "http://www.w3.org/TR/xhtml1/DTD/xhtml1-transitional.dtd">
<html xmlns="http://www.w3.org/1999/xhtml" xml:lang="en" lang="en">
 <head>
  <title>
</title>
<meta http-equiv="Content-Type" content="text/html;charset=utf-8" />
  <meta name='ocr-system' content='tesseract 3.04.00' />
  <meta name='ocr-capabilities' content='ocr_page ocr_carea ocr_par ocr_line ocrx_word'/>
</head>
<body>
  <div class='ocr_page' id='page_1' title='image "./quaestionumovid00presgoog_0043.png"; bbox 0 0 3123 4871; ppageno 0'>
   <div class='ocr_carea' id='block_1_1' title="bbox 1240 275 1673 343">
    <p class='ocr_par' dir='ltr' id='par_1_1' title="bbox 1240 275 1673 343">
     <span class='ocr_line' id='line_1_1' title="bbox 1240 275 1673 343; baseline 0.002 -17"><span class='ocrx_word' id='word_1_1' title='bbox 1240 275 1673 343; x_wconf 77' lang='lat'><strong>-37-</strong></span> 
     </span>
    </p>
   </div>
   <div class='ocr_carea' id='block_1_2' title="bbox 270 487 2635 4098">
    <p class='ocr_par' dir='ltr' id='par_1_2' title="bbox 270 487 2635 1431">
     <span class='ocr_line' id='line_1_2' title="bbox 286 487 2635 579; baseline 0.002 -24"><span class='ocrx_word' id='word_1_2' title='bbox 286 491 561 556; x_wconf 87' lang='lat' dir='ltr'>Booten</span> <span class='ocrx_word' id='word_1_3' title='bbox 589 490 995 559; x_wconf 87' lang='lat' dir='ltr'>nominasse</span> <span class='ocrx_word' id='word_1_4' title='bbox 1017 490 1160 556; x_wconf 92' lang='lat' dir='ltr'>iam</span> <span class='ocrx_word' id='word_1_5' title='bbox 1184 512 1399 577; x_wconf 84' lang='lat' dir='ltr'>supra</span> <span class='ocrx_word' id='word_1_6' title='bbox 1419 492 1515 579; x_wconf 88' lang='lat' dir='ltr'>(p.</span> <span class='ocrx_word' id='word_1_7' title='bbox 1537 487 1647 573; x_wconf 83' lang='lat'>30)</span> <span class='ocrx_word' id='word_1_8' title='bbox 1672 490 1999 559; x_wconf 89' lang='lat' dir='ltr'>vidimus.</span> <span class='ocrx_word' id='word_1_9' title='bbox 2044 492 2183 560; x_wconf 88' lang='lat' dir='ltr'>Sed</span> <span class='ocrx_word' id='word_1_10' title='bbox 2211 492 2424 577; x_wconf 85' lang='lat' dir='ltr'>etiam</span> <span class='ocrx_word' id='word_1_11' title='bbox 2452 492 2635 578; x_wconf 81' lang='lat' dir='ltr'>hanc</span> 
     </span>
     <span class='ocr_line' id='line_1_3' title="bbox 279 578 2635 686; baseline 0.002 -25"><span class='ocrx_word' id='word_1_12' title='bbox 279 596 762 663; x_wconf 82' lang='lat' dir='ltr'>narrationem</span> <span class='ocrx_word' id='word_1_13' title='bbox 813 597 901 663; x_wconf 89' lang='lat' dir='ltr'>de</span> <span class='ocrx_word' id='word_1_14' title='bbox 942 597 1141 663; x_wconf 86' lang='lat' dir='ltr'>Icaro</span> <span class='ocrx_word' id='word_1_15' title='bbox 1188 608 1260 664; x_wconf 89' lang='lat' dir='ltr'>et</span> <span class='ocrx_word' id='word_1_16' title='bbox 1293 597 1612 686; x_wconf 85' lang='lat' dir='ltr'>Erigona</span> <span class='ocrx_word' id='word_1_17' title='bbox 1660 620 1702 664; x_wconf 88' lang='lat' dir='ltr'>a</span> <span class='ocrx_word' id='word_1_18' title='bbox 1736 598 2095 685; x_wconf 81' lang='lat' dir='ltr'>Catalogis</span> <span class='ocrx_word' id='word_1_19' title='bbox 2144 578 2635 684; x_wconf 63' lang='lat' dir='ltr'>alienamcsse</span> 
     </span>
     <span class='ocr_line' id='line_1_4' title="bbox 277 693 2633 793; baseline 0.003 -26"><span class='ocrx_word' id='word_1_20' title='bbox 277 724 705 770; x_wconf 84' lang='lat' dir='ltr'>censeamus</span> <span class='ocrx_word' id='word_1_21' title='bbox 774 713 1053 791; x_wconf 84' lang='lat' dir='ltr'>oportet</span> <span class='ocrx_word' id='word_1_22' title='bbox 1116 704 1397 771; x_wconf 89' lang='lat' dir='ltr'>conlata</span> <span class='ocrx_word' id='word_1_23' title='bbox 1459 705 1595 771; x_wconf 91' lang='lat' dir='ltr'>hac</span> <span class='ocrx_word' id='word_1_24' title='bbox 1650 693 1891 775; x_wconf 79' lang='lat' dir='ltr'>fabula</span> <span class='ocrx_word' id='word_1_25' title='bbox 1938 727 2098 773; x_wconf 91' lang='lat' dir='ltr'>cum</span> <span class='ocrx_word' id='word_1_26' title='bbox 2145 704 2262 789; x_wconf 87' lang='lat' dir='ltr'>iis,</span> <span class='ocrx_word' id='word_1_27' title='bbox 2331 727 2512 793; x_wconf 89' lang='lat' dir='ltr'>quae</span> <span class='ocrx_word' id='word_1_28' title='bbox 2559 706 2633 773; x_wconf 89' lang='lat' dir='ltr'>in</span> 
     </span>
     <span class='ocr_line' id='line_1_5' title="bbox 278 809 2633 899; baseline 0.003 -26"><span class='ocrx_word' id='word_1_29' title='bbox 278 809 520 876; x_wconf 90' lang='lat' dir='ltr'>indice</span> <span class='ocrx_word' id='word_1_30' title='bbox 590 810 954 877; x_wconf 90' lang='lat' dir='ltr'>stellarum</span> <span class='ocrx_word' id='word_1_31' title='bbox 1024 810 1158 876; x_wconf 91' lang='lat' dir='ltr'>hoc</span> <span class='ocrx_word' id='word_1_32' title='bbox 1226 810 1315 877; x_wconf 88' lang='lat' dir='ltr'>de</span> <span class='ocrx_word' id='word_1_33' title='bbox 1377 810 1605 878; x_wconf 87' lang='lat' dir='ltr'>sidere</span> <span class='ocrx_word' id='word_1_34' title='bbox 1653 811 2095 898; x_wconf 85' lang='lat' dir='ltr'>explicantur</span> <span class='ocrx_word' id='word_1_35' title='bbox 2142 812 2214 878; x_wconf 90' lang='lat' dir='ltr'>in</span> <span class='ocrx_word' id='word_1_36' title='bbox 2264 811 2633 899; x_wconf 85' lang='lat' dir='ltr'>Epitomes</span> 
     </span>
     <span class='ocr_line' id='line_1_6' title="bbox 273 916 2635 1006; baseline 0.002 -25"><span class='ocrx_word' id='word_1_37' title='bbox 273 937 435 1002; x_wconf 91' lang='lat' dir='ltr'>cap.</span> <span class='ocrx_word' id='word_1_38' title='bbox 485 918 518 982; x_wconf 97' lang='lat' dir='ltr'>I</span> <span class='ocrx_word' id='word_1_39' title='bbox 568 925 641 983; x_wconf 92' lang='lat' dir='ltr'>et</span> <span class='ocrx_word' id='word_1_40' title='bbox 686 917 986 1003; x_wconf 87' lang='lat' dir='ltr'>V111,2¹)</span> <span class='ocrx_word' id='word_1_41' title='bbox 1033 916 1154 984; x_wconf 95' lang='lat' dir='ltr'>ubi</span> <span class='ocrx_word' id='word_1_42' title='bbox 1202 938 1335 983; x_wconf 89' lang='lat' dir='ltr'>nec</span> <span class='ocrx_word' id='word_1_43' title='bbox 1379 917 1468 983; x_wconf 90' lang='lat' dir='ltr'>de</span> <span class='ocrx_word' id='word_1_44' title='bbox 1513 919 1833 1004; x_wconf 88' lang='lat' dir='ltr'>plaustro</span> <span class='ocrx_word' id='word_1_45' title='bbox 1878 940 2010 984; x_wconf 90' lang='lat' dir='ltr'>nec</span> <span class='ocrx_word' id='word_1_46' title='bbox 2055 919 2145 985; x_wconf 87' lang='lat' dir='ltr'>de</span> <span class='ocrx_word' id='word_1_47' title='bbox 2180 922 2400 986; x_wconf 82' lang='lat' dir='ltr'>Boote</span> <span class='ocrx_word' id='word_1_48' title='bbox 2446 919 2635 1006; x_wconf 81' lang='lat' dir='ltr'>quic-</span> 
     </span>
     <span class='ocr_line' id='line_1_7' title="bbox 273 1023 2633 1113; baseline 0.001 -25"><span class='ocrx_word' id='word_1_49' title='bbox 273 1044 501 1109; x_wconf 89' lang='lat' dir='ltr'>quam</span> <span class='ocrx_word' id='word_1_50' title='bbox 593 1023 1123 1090; x_wconf 89' lang='lat' dir='ltr'>commemorari</span> <span class='ocrx_word' id='word_1_51' title='bbox 1214 1023 1418 1091; x_wconf 81' lang='lat' dir='ltr'>facile</span> <span class='ocrx_word' id='word_1_52' title='bbox 1502 1024 1898 1110; x_wconf 82' lang='lat' dir='ltr'>intelleges,</span> <span class='ocrx_word' id='word_1_53' title='bbox 2015 1025 2335 1113; x_wconf 86' lang='lat' dir='ltr'>Respicit</span> <span class='ocrx_word' id='word_1_54' title='bbox 2418 1025 2633 1092; x_wconf 83' lang='lat' dir='ltr'>index</span> 
     </span>
     <span class='ocr_line' id='line_1_8' title="bbox 283 1118 2634 1219; baseline 0.001 -26"><span class='ocrx_word' id='word_1_55' title='bbox 283 1118 465 1194; x_wconf 86' lang='lat' dir='ltr'>nihil</span> <span class='ocrx_word' id='word_1_56' title='bbox 513 1129 647 1195; x_wconf 93' lang='lat' dir='ltr'>nisi</span> <span class='ocrx_word' id='word_1_57' title='bbox 696 1130 969 1211; x_wconf 60' lang='lat' dir='ltr'>tabulas</span> <span class='ocrx_word' id='word_1_58' title='bbox 1031 1130 1119 1196; x_wconf 93' lang='lat' dir='ltr'>de</span> <span class='ocrx_word' id='word_1_59' title='bbox 1166 1152 1330 1197; x_wconf 90' lang='lat' dir='ltr'>ursa</span> <span class='ocrx_word' id='word_1_60' title='bbox 1378 1128 1641 1196; x_wconf 89' lang='lat' dir='ltr'>maiore</span> <span class='ocrx_word' id='word_1_61' title='bbox 1690 1140 1761 1197; x_wconf 91' lang='lat' dir='ltr'>et</span> <span class='ocrx_word' id='word_1_62' title='bbox 1807 1131 1893 1196; x_wconf 91' lang='lat' dir='ltr'>de</span> <span class='ocrx_word' id='word_1_63' title='bbox 1943 1130 2486 1219; x_wconf 88' lang='lat' dir='ltr'>Arctophylace;</span> <span class='ocrx_word' id='word_1_64' title='bbox 2534 1131 2634 1197; x_wconf 88' lang='lat' dir='ltr'>in-</span> 
     </span>
     <span class='ocr_line' id='line_1_9' title="bbox 270 1235 2629 1323; baseline 0.001 -22"><span class='ocrx_word' id='word_1_65' title='bbox 270 1245 473 1302; x_wconf 82' lang='lat' dir='ltr'>serta</span> <span class='ocrx_word' id='word_1_66' title='bbox 521 1235 743 1322; x_wconf 84' lang='lat' dir='ltr'>igitur</span> <span class='ocrx_word' id='word_1_67' title='bbox 790 1246 899 1303; x_wconf 88' lang='lat' dir='ltr'>est</span> <span class='ocrx_word' id='word_1_68' title='bbox 944 1236 1158 1303; x_wconf 91' lang='lat' dir='ltr'>etiam</span> <span class='ocrx_word' id='word_1_69' title='bbox 1191 1237 1279 1303; x_wconf 90' lang='lat' dir='ltr'>de</span> <span class='ocrx_word' id='word_1_70' title='bbox 1313 1239 1512 1303; x_wconf 88' lang='lat' dir='ltr'>Icaro</span> <span class='ocrx_word' id='word_1_71' title='bbox 1545 1248 1617 1303; x_wconf 87' lang='lat' dir='ltr'>et</span> <span class='ocrx_word' id='word_1_72' title='bbox 1651 1237 1967 1323; x_wconf 87' lang='lat' dir='ltr'>Erigone</span> <span class='ocrx_word' id='word_1_73' title='bbox 1999 1238 2259 1306; x_wconf 78' lang='lat' dir='ltr'>fabula.</span> <span class='ocrx_word' id='word_1_74' title='bbox 2352 1238 2629 1305; x_wconf 88' lang='lat' dir='ltr'>Tamen</span> 
     </span>
     <span class='ocr_line' id='line_1_10' title="bbox 274 1340 1978 1431; baseline 0.001 -23"><span class='ocrx_word' id='word_1_75' title='bbox 274 1341 591 1409; x_wconf 86' lang='lat' dir='ltr'>Ovidius</span> <span class='ocrx_word' id='word_1_76' title='bbox 637 1352 1013 1430; x_wconf 87' lang='lat' dir='ltr'>utramque</span> <span class='ocrx_word' id='word_1_77' title='bbox 1062 1354 1319 1411; x_wconf 89' lang='lat' dir='ltr'>tractat</span> <span class='ocrx_word' id='word_1_78' title='bbox 1365 1344 1579 1423; x_wconf 81' lang='lat' dir='ltr'>(Fast.</span> <span class='ocrx_word' id='word_1_79' title='bbox 1631 1346 1740 1410; x_wconf 91' lang='lat' dir='ltr'>III</span> <span class='ocrx_word' id='word_1_80' title='bbox 1787 1340 1978 1431; x_wconf 83' lang='lat'>405):</span> 
     </span>
    </p>

    <p class='ocr_par' dir='ltr' id='par_1_3' title="bbox 607 1449 2629 1537">
     <span class='ocr_line' id='line_1_11' title="bbox 607 1449 2629 1537; baseline 0.002 -21"><span class='ocrx_word' id='word_1_81' title='bbox 607 1449 775 1516; x_wconf 91' lang='lat' dir='ltr'>Sive</span> <span class='ocrx_word' id='word_1_82' title='bbox 845 1461 951 1516; x_wconf 89' lang='lat' dir='ltr'>est</span> <span class='ocrx_word' id='word_1_83' title='bbox 997 1450 1510 1535; x_wconf 86' lang='lat' dir='ltr'>Arctophylax,</span> <span class='ocrx_word' id='word_1_84' title='bbox 1578 1450 1729 1517; x_wconf 91' lang='lat' dir='ltr'>sive</span> <span class='ocrx_word' id='word_1_85' title='bbox 1777 1461 1888 1518; x_wconf 91' lang='lat' dir='ltr'>est</span> <span class='ocrx_word' id='word_1_86' title='bbox 1933 1450 2140 1537; x_wconf 88' lang='lat' dir='ltr'>piger</span> <span class='ocrx_word' id='word_1_87' title='bbox 2183 1451 2304 1517; x_wconf 90' lang='lat' dir='ltr'>ille</span> <span class='ocrx_word' id='word_1_88' title='bbox 2354 1454 2629 1520; x_wconf 80' lang='lat' dir='ltr'>Bootes,</span> 
     </span>
    </p>

    <p class='ocr_par' dir='ltr' id='par_1_4' title="bbox 272 1556 2632 1749">
     <span class='ocr_line' id='line_1_12' title="bbox 502 1556 2632 1645; baseline 0.001 -23"><span class='ocrx_word' id='word_1_89' title='bbox 502 1558 753 1643; x_wconf 88' lang='lat' dir='ltr'>Itaque</span> <span class='ocrx_word' id='word_1_90' title='bbox 800 1576 972 1623; x_wconf 89' lang='lat' dir='ltr'>usus</span> <span class='ocrx_word' id='word_1_91' title='bbox 1021 1566 1131 1623; x_wconf 88' lang='lat' dir='ltr'>est</span> <span class='ocrx_word' id='word_1_92' title='bbox 1175 1568 1386 1644; x_wconf 90' lang='lat' dir='ltr'>poeta</span> <span class='ocrx_word' id='word_1_93' title='bbox 1434 1556 1575 1623; x_wconf 90' lang='lat' dir='ltr'>iam</span> <span class='ocrx_word' id='word_1_94' title='bbox 1625 1567 1834 1624; x_wconf 92' lang='lat' dir='ltr'>aucto</span> <span class='ocrx_word' id='word_1_95' title='bbox 1869 1557 2363 1627; x_wconf 87' lang='lat' dir='ltr'>Eratosthenis</span> <span class='ocrx_word' id='word_1_96' title='bbox 2404 1581 2632 1645; x_wconf 90' lang='lat' dir='ltr'>opere,</span> 
     </span>
     <span class='ocr_line' id='line_1_13' title="bbox 272 1662 1625 1749; baseline 0.003 -22"><span class='ocrx_word' id='word_1_97' title='bbox 272 1684 426 1728; x_wconf 85' lang='lat' dir='ltr'>non</span> <span class='ocrx_word' id='word_1_98' title='bbox 479 1662 858 1749; x_wconf 85' lang='lat' dir='ltr'>Catalogis,</span> <span class='ocrx_word' id='word_1_99' title='bbox 914 1663 1035 1730; x_wconf 91' lang='lat' dir='ltr'>sed</span> <span class='ocrx_word' id='word_1_100' title='bbox 1086 1663 1625 1731; x_wconf 82' lang='lat' dir='ltr'>CatasterismiS.</span> 
     </span>
    </p>

    <p class='ocr_par' dir='ltr' id='par_1_5' title="bbox 270 1769 2633 2499">
     <span class='ocr_line' id='line_1_14' title="bbox 501 1769 2631 1856; baseline 0.002 -22"><span class='ocrx_word' id='word_1_101' title='bbox 501 1769 847 1836; x_wconf 89' lang='lat' dir='ltr'>Rehmius</span> <span class='ocrx_word' id='word_1_102' title='bbox 895 1769 1092 1854; x_wconf 81' lang='lat' dir='ltr'>falso,</span> <span class='ocrx_word' id='word_1_103' title='bbox 1141 1780 1223 1836; x_wconf 91' lang='lat' dir='ltr'>ut</span> <span class='ocrx_word' id='word_1_104' title='bbox 1261 1770 1744 1839; x_wconf 90' lang='lat' dir='ltr'>demonstrare</span> <span class='ocrx_word' id='word_1_105' title='bbox 1776 1781 2073 1838; x_wconf 89' lang='lat' dir='ltr'>conatus</span> <span class='ocrx_word' id='word_1_106' title='bbox 2105 1793 2281 1856; x_wconf 91' lang='lat' dir='ltr'>sum,</span> <span class='ocrx_word' id='word_1_107' title='bbox 2312 1771 2631 1839; x_wconf 89' lang='lat' dir='ltr'>iudicans</span> 
     </span>
     <span class='ocr_line' id='line_1_15' title="bbox 272 1875 2633 1962; baseline 0 -20"><span class='ocrx_word' id='word_1_108' title='bbox 272 1875 627 1942; x_wconf 89' lang='lat' dir='ltr'>Ovidium</span> <span class='ocrx_word' id='word_1_109' title='bbox 696 1876 1058 1962; x_wconf 86' lang='lat' dir='ltr'>integrum</span> <span class='ocrx_word' id='word_1_110' title='bbox 1122 1877 1618 1944; x_wconf 87' lang='lat' dir='ltr'>Eratosthenis</span> <span class='ocrx_word' id='word_1_111' title='bbox 1683 1877 1941 1943; x_wconf 88' lang='lat' dir='ltr'>librum</span> <span class='ocrx_word' id='word_1_112' title='bbox 2007 1877 2415 1944; x_wconf 87' lang='lat' dir='ltr'>adhibuisse</span> <span class='ocrx_word' id='word_1_113' title='bbox 2475 1900 2633 1945; x_wconf 90' lang='lat' dir='ltr'>con-</span> 
     </span>
     <span class='ocr_line' id='line_1_16' title="bbox 272 1982 2629 2069; baseline 0.001 -21"><span class='ocrx_word' id='word_1_114' title='bbox 272 1982 453 2049; x_wconf 84' lang='lat' dir='ltr'>iecit</span> <span class='ocrx_word' id='word_1_115' title='bbox 529 1984 908 2050; x_wconf 89' lang='lat' dir='ltr'>nonnullos</span> <span class='ocrx_word' id='word_1_116' title='bbox 987 1983 1488 2069; x_wconf 87' lang='lat' dir='ltr'>Catalogorum</span> <span class='ocrx_word' id='word_1_117' title='bbox 1569 1985 1762 2050; x_wconf 91' lang='lat' dir='ltr'>locos</span> <span class='ocrx_word' id='word_1_118' title='bbox 1839 1985 2183 2053; x_wconf 86' lang='lat' dir='ltr'>minorem</span> <span class='ocrx_word' id='word_1_119' title='bbox 2266 1985 2629 2052; x_wconf 86' lang='lat' dir='ltr'>stellarum</span> 
     </span>
     <span class='ocr_line' id='line_1_17' title="bbox 272 2090 2629 2178; baseline 0.002 -24"><span class='ocrx_word' id='word_1_120' title='bbox 272 2111 656 2155; x_wconf 78' lang='lat' dir='ltr'>numerum</span> <span class='ocrx_word' id='word_1_121' title='bbox 693 2090 1065 2157; x_wconf 87' lang='lat' dir='ltr'>tradidisse</span> <span class='ocrx_word' id='word_1_122' title='bbox 1099 2112 1331 2177; x_wconf 89' lang='lat' dir='ltr'>quam,</span> <span class='ocrx_word' id='word_1_123' title='bbox 1365 2091 1482 2177; x_wconf 90' lang='lat' dir='ltr'>qui</span> <span class='ocrx_word' id='word_1_124' title='bbox 1520 2091 2043 2178; x_wconf 86' lang='lat' dir='ltr'>exscripserunt</span> <span class='ocrx_word' id='word_1_125' title='bbox 2076 2092 2629 2174; x_wconf 79' lang='lat' dir='ltr'>CatasterismoS,</span> 
     </span>
     <span class='ocr_line' id='line_1_18' title="bbox 270 2197 2630 2285; baseline 0.001 -23"><span class='ocrx_word' id='word_1_126' title='bbox 270 2208 767 2263; x_wconf 81' lang='lat' dir='ltr'>servaverunt.</span> <span class='ocrx_word' id='word_1_127' title='bbox 864 2197 1140 2281; x_wconf 80' lang='lat' dir='ltr'>Quibus</span> <span class='ocrx_word' id='word_1_128' title='bbox 1210 2197 1414 2263; x_wconf 79' lang='lat' dir='ltr'>facile</span> <span class='ocrx_word' id='word_1_129' title='bbox 1484 2198 1822 2264; x_wconf 90' lang='lat' dir='ltr'>declarari</span> <span class='ocrx_word' id='word_1_130' title='bbox 1871 2219 2079 2285; x_wconf 90' lang='lat' dir='ltr'>posse</span> <span class='ocrx_word' id='word_1_131' title='bbox 2126 2199 2410 2285; x_wconf 87' lang='lat' dir='ltr'>putavit</span> <span class='ocrx_word' id='word_1_132' title='bbox 2453 2199 2630 2265; x_wconf 91' lang='lat' dir='ltr'>duas</span> 
     </span>
     <span class='ocr_line' id='line_1_19' title="bbox 274 2303 2628 2395; baseline 0.002 -27"><span class='ocrx_word' id='word_1_133' title='bbox 274 2303 467 2369; x_wconf 88' lang='lat' dir='ltr'>inter</span> <span class='ocrx_word' id='word_1_134' title='bbox 522 2314 805 2390; x_wconf 89' lang='lat' dir='ltr'>poetam</span> <span class='ocrx_word' id='word_1_135' title='bbox 867 2314 938 2370; x_wconf 88' lang='lat' dir='ltr'>et</span> <span class='ocrx_word' id='word_1_136' title='bbox 986 2304 1527 2371; x_wconf 80' lang='lat' dir='ltr'>Catasterismos</span> <span class='ocrx_word' id='word_1_137' title='bbox 1575 2304 2103 2392; x_wconf 77' lang='lat' dir='ltr'>discrepantias,</span> <span class='ocrx_word' id='word_1_138' title='bbox 2200 2308 2394 2373; x_wconf 88' lang='lat' dir='ltr'>Naso</span> <span class='ocrx_word' id='word_1_139' title='bbox 2441 2306 2628 2395; x_wconf 85' lang='lat' dir='ltr'>enim</span> 
     </span>
     <span class='ocr_line' id='line_1_20' title="bbox 271 2406 1486 2499; baseline 0.002 -25"><span class='ocrx_word' id='word_1_140' title='bbox 271 2408 457 2476; x_wconf 87' lang='lat' dir='ltr'>dicit</span> <span class='ocrx_word' id='word_1_141' title='bbox 503 2410 719 2492; x_wconf 87' lang='lat' dir='ltr'>(Fast.</span> <span class='ocrx_word' id='word_1_142' title='bbox 770 2413 878 2476; x_wconf 91' lang='grc' dir='ltr'>ΙΙΙ</span> <span class='ocrx_word' id='word_1_143' title='bbox 928 2406 1088 2499; x_wconf 83' lang='grc'>458)</span> <span class='ocrx_word' id='word_1_144' title='bbox 1135 2411 1223 2477; x_wconf 92' lang='lat' dir='ltr'>de</span> <span class='ocrx_word' id='word_1_145' title='bbox 1271 2431 1486 2498; x_wconf 90' lang='lat' dir='ltr'>equo:</span> 
     </span>
    </p>

    <p class='ocr_par' dir='ltr' id='par_1_6' title="bbox 272 2518 2555 2820">
     <span class='ocr_line' id='line_1_21' title="bbox 697 2518 2555 2607; baseline 0.001 -21"><span class='ocrx_word' id='word_1_146' title='bbox 697 2518 792 2586; x_wconf 91' lang='lat' dir='ltr'>Et</span> <span class='ocrx_word' id='word_1_147' title='bbox 837 2518 1108 2584; x_wconf 85' lang='lat' dir='ltr'>nitidus</span> <span class='ocrx_word' id='word_1_148' title='bbox 1157 2518 1379 2584; x_wconf 78' lang='lat' dir='ltr'>stellis</span> <span class='ocrx_word' id='word_1_149' title='bbox 1429 2519 1797 2606; x_wconf 91' lang='lat' dir='ltr'>quinque</span> <span class='ocrx_word' id='word_1_150' title='bbox 1843 2520 2292 2607; x_wconf 87' lang='lat' dir='ltr'>decemque</span> <span class='ocrx_word' id='word_1_151' title='bbox 2339 2522 2555 2587; x_wconf 87' lang='lat' dir='ltr'>micat</span> 
     </span>
     <span class='ocr_line' id='line_1_22' title="bbox 272 2621 1435 2692; baseline 0.003 -4"><span class='ocrx_word' id='word_1_152' title='bbox 272 2635 353 2690; x_wconf 86' lang='lat' dir='ltr'>et</span> <span class='ocrx_word' id='word_1_153' title='bbox 405 2623 594 2690; x_wconf 87' lang='lat' dir='ltr'>Fast.</span> <span class='ocrx_word' id='word_1_154' title='bbox 645 2626 710 2691; x_wconf 93' lang='lat' dir='ltr'>V</span> <span class='ocrx_word' id='word_1_155' title='bbox 756 2621 887 2689; x_wconf 88' lang='lat'>414</span> <span class='ocrx_word' id='word_1_156' title='bbox 934 2625 1022 2690; x_wconf 91' lang='lat' dir='ltr'>de</span> <span class='ocrx_word' id='word_1_157' title='bbox 1071 2635 1435 2692; x_wconf 88' lang='lat' dir='ltr'>centauro:</span> 
     </span>
     <span class='ocr_line' id='line_1_23' title="bbox 694 2730 2349 2820; baseline 0.004 -25"><span class='ocrx_word' id='word_1_158' title='bbox 694 2730 830 2797; x_wconf 91' lang='lat' dir='ltr'>Bis</span> <span class='ocrx_word' id='word_1_159' title='bbox 877 2741 1193 2818; x_wconf 89' lang='lat' dir='ltr'>septem</span> <span class='ocrx_word' id='word_1_160' title='bbox 1245 2732 1470 2799; x_wconf 87' lang='lat' dir='ltr'>stellis</span> <span class='ocrx_word' id='word_1_161' title='bbox 1518 2755 1809 2820; x_wconf 85' lang='lat' dir='ltr'>corpora</span> <span class='ocrx_word' id='word_1_162' title='bbox 1858 2733 2129 2800; x_wconf 87' lang='lat' dir='ltr'>cinctus</span> <span class='ocrx_word' id='word_1_163' title='bbox 2177 2754 2349 2803; x_wconf 84' lang='lat' dir='ltr'>eraS.</span> 
     </span>
    </p>

    <p class='ocr_par' dir='ltr' id='par_1_7' title="bbox 270 2836 2629 4098">
     <span class='ocr_line' id='line_1_24' title="bbox 495 2836 2625 2927; baseline 0.002 -25"><span class='ocrx_word' id='word_1_164' title='bbox 495 2838 593 2903; x_wconf 91' lang='lat' dir='ltr'>At</span> <span class='ocrx_word' id='word_1_165' title='bbox 648 2837 1128 2904; x_wconf 88' lang='lat' dir='ltr'>Catasterismi</span> <span class='ocrx_word' id='word_1_166' title='bbox 1186 2838 1404 2925; x_wconf 84' lang='lat' dir='ltr'>(Epit.</span> <span class='ocrx_word' id='word_1_167' title='bbox 1461 2841 1710 2907; x_wconf 93' lang='lat' dir='ltr'>XVIII</span> <span class='ocrx_word' id='word_1_168' title='bbox 1769 2862 1831 2926; x_wconf 92' lang='lat' dir='ltr'>p.</span> <span class='ocrx_word' id='word_1_169' title='bbox 1884 2836 2011 2904; x_wconf 77' lang='lat'>122</span> <span class='ocrx_word' id='word_1_170' title='bbox 2059 2862 2156 2926; x_wconf 90' lang='lat' dir='ltr'>sq.</span> <span class='ocrx_word' id='word_1_171' title='bbox 2207 2840 2409 2923; x_wconf 89' lang='lat' dir='ltr'>Rob.)</span> <span class='ocrx_word' id='word_1_172' title='bbox 2466 2841 2625 2927; x_wconf 86' lang='lat' dir='ltr'>equi</span> 
     </span>
     <span class='ocr_line' id='line_1_25' title="bbox 270 2942 2624 3034; baseline 0.002 -27"><span class='ocrx_word' id='word_1_173' title='bbox 270 2942 492 3008; x_wconf 85' lang='lat' dir='ltr'>sideri</span> <span class='ocrx_word' id='word_1_174' title='bbox 540 2943 1166 3030; x_wconf 85' lang='lat' dir='ltr'>duodeviginti,</span> <span class='ocrx_word' id='word_1_175' title='bbox 1213 2956 1551 3013; x_wconf 89' lang='lat' dir='ltr'>centauro</span> <span class='ocrx_word' id='word_1_176' title='bbox 1599 2946 1817 3033; x_wconf 88' lang='lat' dir='ltr'>(Epit.</span> <span class='ocrx_word' id='word_1_177' title='bbox 1853 2949 1987 3016; x_wconf 91' lang='lat' dir='ltr'>XL</span> <span class='ocrx_word' id='word_1_178' title='bbox 2033 2969 2103 3033; x_wconf 89' lang='lat' dir='ltr'>p.</span> <span class='ocrx_word' id='word_1_179' title='bbox 2136 2943 2267 3012; x_wconf 87' lang='lat'>186</span> <span class='ocrx_word' id='word_1_180' title='bbox 2301 2969 2402 3034; x_wconf 92' lang='lat' dir='ltr'>sq.</span> <span class='ocrx_word' id='word_1_181' title='bbox 2448 2947 2624 3013; x_wconf 91' lang='lat' dir='ltr'>Rob.</span> 
     </span>
     <span class='ocr_line' id='line_1_26' title="bbox 273 3047 2627 3139; baseline 0.002 -24"><span class='ocrx_word' id='word_1_182' title='bbox 273 3049 548 3116; x_wconf 86' lang='lat' dir='ltr'>Comm.</span> <span class='ocrx_word' id='word_1_183' title='bbox 586 3050 657 3116; x_wconf 93' lang='lat' dir='ltr'>in</span> <span class='ocrx_word' id='word_1_184' title='bbox 684 3051 802 3117; x_wconf 91' lang='lat' dir='ltr'>Ar.</span> <span class='ocrx_word' id='word_1_185' title='bbox 836 3073 898 3137; x_wconf 93' lang='lat' dir='ltr'>p.</span> <span class='ocrx_word' id='word_1_186' title='bbox 925 3047 1102 3138; x_wconf 82' lang='lat'>266.)</span> <span class='ocrx_word' id='word_1_187' title='bbox 1135 3051 1451 3138; x_wconf 86' lang='lat' dir='ltr'>viginti</span> <span class='ocrx_word' id='word_1_188' title='bbox 1495 3062 1892 3139; x_wconf 88' lang='lat' dir='ltr'>quattuor</span> <span class='ocrx_word' id='word_1_189' title='bbox 1936 3054 2175 3119; x_wconf 80' lang='lat' dir='ltr'>stellas</span> <span class='ocrx_word' id='word_1_190' title='bbox 2206 3053 2627 3121; x_wconf 88' lang='lat' dir='ltr'>attribuunt.</span> 
     </span>
     <span class='ocr_line' id='line_1_27' title="bbox 271 3155 2628 3247; baseline 0.002 -25"><span class='ocrx_word' id='word_1_191' title='bbox 271 3155 422 3222; x_wconf 86' lang='lat' dir='ltr'>Sed</span> <span class='ocrx_word' id='word_1_192' title='bbox 492 3156 824 3243; x_wconf 89' lang='lat' dir='ltr'>quoniam</span> <span class='ocrx_word' id='word_1_193' title='bbox 896 3157 1233 3224; x_wconf 89' lang='lat' dir='ltr'>Ovidium</span> <span class='ocrx_word' id='word_1_194' title='bbox 1286 3158 1667 3244; x_wconf 87' lang='lat' dir='ltr'>Catalogos</span> <span class='ocrx_word' id='word_1_195' title='bbox 1737 3181 1889 3226; x_wconf 90' lang='lat' dir='ltr'>esse</span> <span class='ocrx_word' id='word_1_196' title='bbox 1953 3169 2275 3227; x_wconf 87' lang='lat' dir='ltr'>secutum</span> <span class='ocrx_word' id='word_1_197' title='bbox 2347 3161 2628 3247; x_wconf 87' lang='lat' dir='ltr'>negavi,</span> 
     </span>
     <span class='ocr_line' id='line_1_28' title="bbox 274 3262 2629 3353; baseline 0.003 -26"><span class='ocrx_word' id='word_1_198' title='bbox 274 3284 423 3328; x_wconf 88' lang='lat' dir='ltr'>non</span> <span class='ocrx_word' id='word_1_199' title='bbox 494 3262 629 3329; x_wconf 92' lang='lat' dir='ltr'>hoc</span> <span class='ocrx_word' id='word_1_200' title='bbox 696 3265 906 3329; x_wconf 92' lang='lat' dir='ltr'>modo</span> <span class='ocrx_word' id='word_1_201' title='bbox 954 3265 1462 3351; x_wconf 87' lang='lat' dir='ltr'>discrepantias</span> <span class='ocrx_word' id='word_1_202' title='bbox 1509 3265 1848 3332; x_wconf 89' lang='lat' dir='ltr'>declarari</span> <span class='ocrx_word' id='word_1_203' title='bbox 1888 3265 2105 3353; x_wconf 68' lang='lat' dir='ltr'>&#39;posse</span> <span class='ocrx_word' id='word_1_204' title='bbox 2152 3268 2393 3334; x_wconf 82' lang='lat' dir='ltr'>fateor.</span> <span class='ocrx_word' id='word_1_205' title='bbox 2489 3271 2629 3334; x_wconf 91' lang='lat' dir='ltr'>Ne-</span> 
     </span>
     <span class='ocr_line' id='line_1_29' title="bbox 271 3370 2628 3459; baseline 0.002 -25"><span class='ocrx_word' id='word_1_206' title='bbox 271 3391 420 3454; x_wconf 89' lang='lat' dir='ltr'>que</span> <span class='ocrx_word' id='word_1_207' title='bbox 469 3378 705 3435; x_wconf 88' lang='lat' dir='ltr'>tamen</span> <span class='ocrx_word' id='word_1_208' title='bbox 752 3370 882 3437; x_wconf 91' lang='lat' dir='ltr'>has</span> <span class='ocrx_word' id='word_1_209' title='bbox 929 3372 1203 3438; x_wconf 85' lang='lat' dir='ltr'>fabulas</span> <span class='ocrx_word' id='word_1_210' title='bbox 1251 3372 1339 3438; x_wconf 91' lang='lat' dir='ltr'>de</span> <span class='ocrx_word' id='word_1_211' title='bbox 1388 3394 1571 3458; x_wconf 88' lang='lat' dir='ltr'>equo</span> <span class='ocrx_word' id='word_1_212' title='bbox 1619 3382 1692 3440; x_wconf 90' lang='lat' dir='ltr'>et</span> <span class='ocrx_word' id='word_1_213' title='bbox 1721 3373 1809 3439; x_wconf 90' lang='lat' dir='ltr'>de</span> <span class='ocrx_word' id='word_1_214' title='bbox 1843 3383 2196 3457; x_wconf 83' lang='lat' dir='ltr'>centaum,</span> <span class='ocrx_word' id='word_1_215' title='bbox 2229 3375 2415 3459; x_wconf 92' lang='lat' dir='ltr'>quod</span> <span class='ocrx_word' id='word_1_216' title='bbox 2452 3375 2628 3440; x_wconf 89' lang='lat' dir='ltr'>alios</span> 
     </span>
     <span class='ocr_line' id='line_1_30' title="bbox 274 3479 2626 3566; baseline 0.002 -25"><span class='ocrx_word' id='word_1_217' title='bbox 274 3498 611 3543; x_wconf 86' lang='lat' dir='ltr'>numeros</span> <span class='ocrx_word' id='word_1_218' title='bbox 680 3479 892 3545; x_wconf 78' lang='lat' dir='ltr'>refert</span> <span class='ocrx_word' id='word_1_219' title='bbox 936 3482 1160 3562; x_wconf 91' lang='lat' dir='ltr'>Naso,</span> <span class='ocrx_word' id='word_1_220' title='bbox 1218 3488 1393 3545; x_wconf 72' lang='lat' dir='ltr'>‘eum</span> <span class='ocrx_word' id='word_1_221' title='bbox 1468 3479 1756 3546; x_wconf 91' lang='lat' dir='ltr'>aliunde</span> <span class='ocrx_word' id='word_1_222' title='bbox 1826 3480 2212 3566; x_wconf 87' lang='lat' dir='ltr'>sumpsisse</span> <span class='ocrx_word' id='word_1_223' title='bbox 2281 3502 2626 3563; x_wconf 88' lang='lat' dir='ltr'>censeam,</span> 
     </span>
     <span class='ocr_line' id='line_1_31' title="bbox 271 3585 2629 3672; baseline 0.003 -25"><span class='ocrx_word' id='word_1_224' title='bbox 271 3605 447 3648; x_wconf 90' lang='lat' dir='ltr'>nam</span> <span class='ocrx_word' id='word_1_225' title='bbox 497 3594 687 3650; x_wconf 90' lang='lat' dir='ltr'>certa</span> <span class='ocrx_word' id='word_1_226' title='bbox 733 3585 1007 3651; x_wconf 87' lang='lat' dir='ltr'>ratione</span> <span class='ocrx_word' id='word_1_227' title='bbox 1049 3606 1179 3651; x_wconf 90' lang='lat' dir='ltr'>nec</span> <span class='ocrx_word' id='word_1_228' title='bbox 1212 3607 1388 3672; x_wconf 89' lang='lat' dir='ltr'>quos</span> <span class='ocrx_word' id='word_1_229' title='bbox 1420 3608 1754 3653; x_wconf 88' lang='lat' dir='ltr'>numeros</span> <span class='ocrx_word' id='word_1_230' title='bbox 1790 3586 2116 3672; x_wconf 83' lang='lat' dir='ltr'>Catalogi</span> <span class='ocrx_word' id='word_1_231' title='bbox 2150 3587 2629 3654; x_wconf 87' lang='lat' dir='ltr'>exhibuerunt</span> 
     </span>
     <span class='ocr_line' id='line_1_32' title="bbox 271 3692 2626 3781; baseline 0.002 -27"><span class='ocrx_word' id='word_1_232' title='bbox 271 3710 410 3755; x_wconf 84' lang='lat' dir='ltr'>nec</span> <span class='ocrx_word' id='word_1_233' title='bbox 480 3712 655 3777; x_wconf 90' lang='lat' dir='ltr'>quos</span> <span class='ocrx_word' id='word_1_234' title='bbox 706 3692 1186 3759; x_wconf 87' lang='lat' dir='ltr'>Catasterismi</span> <span class='ocrx_word' id='word_1_235' title='bbox 1259 3693 1541 3779; x_wconf 86' lang='lat' dir='ltr'>assequi</span> <span class='ocrx_word' id='word_1_236' title='bbox 1611 3713 2019 3780; x_wconf 83' lang='lat' dir='ltr'>possumuS,</span> <span class='ocrx_word' id='word_1_237' title='bbox 2089 3694 2426 3780; x_wconf 90' lang='lat' dir='ltr'>quoniam</span> <span class='ocrx_word' id='word_1_238' title='bbox 2492 3694 2626 3781; x_wconf 89' lang='lat' dir='ltr'>ipsi</span> 
     </span>
     <span class='ocr_line' id='line_1_33' title="bbox 272 3795 2626 3884; baseline 0.004 -24"><span class='ocrx_word' id='word_1_239' title='bbox 272 3795 680 3883; x_wconf 79' lang='lat' dir='ltr'>scriptores,</span> <span class='ocrx_word' id='word_1_240' title='bbox 783 3798 901 3884; x_wconf 89' lang='lat' dir='ltr'>qui</span> <span class='ocrx_word' id='word_1_241' title='bbox 998 3821 1086 3865; x_wconf 85' lang='lat' dir='ltr'>ex</span> <span class='ocrx_word' id='word_1_242' title='bbox 1175 3799 1694 3866; x_wconf 87' lang='lat' dir='ltr'>Catasterismis</span> <span class='ocrx_word' id='word_1_243' title='bbox 1778 3800 2046 3866; x_wconf 91' lang='lat' dir='ltr'>indices</span> <span class='ocrx_word' id='word_1_244' title='bbox 2139 3812 2626 3884; x_wconf 87' lang='lat' dir='ltr'>servaverunt,</span> 
     </span>
     <span class='ocr_line' id='line_1_34' title="bbox 271 3902 2623 3992; baseline 0.003 -26"><span class='ocrx_word' id='word_1_245' title='bbox 271 3902 687 3989; x_wconf 85' lang='lat' dir='ltr'>saepissime</span> <span class='ocrx_word' id='word_1_246' title='bbox 743 3904 855 3970; x_wconf 80' lang='lat' dir='ltr'>his</span> <span class='ocrx_word' id='word_1_247' title='bbox 903 3905 989 3971; x_wconf 91' lang='lat' dir='ltr'>de</span> <span class='ocrx_word' id='word_1_248' title='bbox 1038 3906 1350 3972; x_wconf 86' lang='lat' dir='ltr'>numeris</span> <span class='ocrx_word' id='word_1_249' title='bbox 1396 3907 1583 3972; x_wconf 89' lang='lat' dir='ltr'>inter</span> <span class='ocrx_word' id='word_1_250' title='bbox 1629 3929 1704 3973; x_wconf 90' lang='lat' dir='ltr'>se</span> <span class='ocrx_word' id='word_1_251' title='bbox 1751 3907 2185 3976; x_wconf 90' lang='lat' dir='ltr'>dissentiunt</span> <span class='ocrx_word' id='word_1_252' title='bbox 2229 3909 2354 3992; x_wconf 92' lang='lat' dir='ltr'>ita,</span> <span class='ocrx_word' id='word_1_253' title='bbox 2424 3919 2504 3975; x_wconf 87' lang='lat' dir='ltr'>ut</span> <span class='ocrx_word' id='word_1_254' title='bbox 2551 3909 2623 3974; x_wconf 91' lang='lat' dir='ltr'>in</span> 
     </span>
     <span class='ocr_line' id='line_1_35' title="bbox 272 4008 2627 4098; baseline 0.004 -26"><span class='ocrx_word' id='word_1_255' title='bbox 272 4008 436 4075; x_wconf 89' lang='lat' dir='ltr'>aliis</span> <span class='ocrx_word' id='word_1_256' title='bbox 468 4009 1129 4092; x_wconf 83' lang='lat' dir='ltr'>Catasterismorum</span> <span class='ocrx_word' id='word_1_257' title='bbox 1181 4011 1522 4098; x_wconf 87' lang='lat' dir='ltr'>exemplis</span> <span class='ocrx_word' id='word_1_258' title='bbox 1569 4012 1773 4079; x_wconf 88' lang='lat' dir='ltr'>aliter</span> <span class='ocrx_word' id='word_1_259' title='bbox 1819 4014 2004 4080; x_wconf 88' lang='lat' dir='ltr'>hanc</span> <span class='ocrx_word' id='word_1_260' title='bbox 2049 4036 2197 4080; x_wconf 90' lang='lat' dir='ltr'>rem</span> <span class='ocrx_word' id='word_1_261' title='bbox 2247 4014 2465 4082; x_wconf 78' lang='lat' dir='ltr'>fuisse</span> <span class='ocrx_word' id='word_1_262' title='bbox 2513 4038 2627 4083; x_wconf 89' lang='lat' dir='ltr'>ex-</span> 
     </span>
    </p>
   </div>
   <div class='ocr_carea' id='block_1_3' title="bbox 275 4116 702 4128">
    <p class='ocr_par' dir='ltr' id='par_1_8' title="bbox 275 4116 702 4128">
     <span class='ocr_line' id='line_1_36' title="bbox 275 4116 702 4128; baseline 0 743"><span class='ocrx_word' id='word_1_263' title='bbox 275 4116 702 4128; x_wconf 95' lang='lat' dir='ltr'> </span> 
     </span>
    </p>
   </div>
   <div class='ocr_carea' id='block_1_4' title="bbox 273 4156 2715 4326">
    <p class='ocr_par' dir='ltr' id='par_1_9' title="bbox 273 4156 2715 4326">
     <span class='ocr_line' id='line_1_37' title="bbox 495 4156 2626 4239; baseline 0.003 -26"><span class='ocrx_word' id='word_1_264' title='bbox 495 4156 572 4233; x_wconf 77' lang='lat'>21)</span> <span class='ocrx_word' id='word_1_265' title='bbox 630 4158 748 4214; x_wconf 84' lang='lat' dir='ltr'>Alii</span> <span class='ocrx_word' id='word_1_266' title='bbox 803 4158 968 4215; x_wconf 90' lang='lat' dir='ltr'>idem</span> <span class='ocrx_word' id='word_1_267' title='bbox 1014 4157 1140 4216; x_wconf 87' lang='lat' dir='ltr'>fere</span> <span class='ocrx_word' id='word_1_268' title='bbox 1197 4167 1462 4225; x_wconf 59' lang='lat' dir='ltr'>servant:</span> <span class='ocrx_word' id='word_1_269' title='bbox 1533 4159 1607 4216; x_wconf 89' lang='lat' dir='ltr'>cf.</span> <span class='ocrx_word' id='word_1_270' title='bbox 1656 4161 1990 4219; x_wconf 87' lang='lat' dir='ltr'>Robertum</span> <span class='ocrx_word' id='word_1_271' title='bbox 2029 4161 2105 4237; x_wconf 63' lang='lat' dir='ltr'>‘p.</span> <span class='ocrx_word' id='word_1_272' title='bbox 2157 4161 2241 4221; x_wconf 92' lang='lat'>54</span> <span class='ocrx_word' id='word_1_273' title='bbox 2300 4170 2362 4220; x_wconf 88' lang='lat' dir='ltr'>et</span> <span class='ocrx_word' id='word_1_274' title='bbox 2420 4162 2504 4224; x_wconf 89' lang='lat'>80</span> <span class='ocrx_word' id='word_1_275' title='bbox 2538 4183 2626 4239; x_wconf 89' lang='lat' dir='ltr'>sq.</span> 
     </span>
     <span class='ocr_line' id='line_1_38' title="bbox 273 4242 2715 4326; baseline 0.003 -26"><span class='ocrx_word' id='word_1_276' title='bbox 273 4242 518 4307; x_wconf 90' lang='lat' dir='ltr'>Comm.</span> <span class='ocrx_word' id='word_1_277' title='bbox 550 4246 612 4303; x_wconf 90' lang='lat' dir='ltr'>in</span> <span class='ocrx_word' id='word_1_278' title='bbox 658 4249 865 4321; x_wconf 52' lang='lat' dir='ltr'>Ar.⁴p.</span> <span class='ocrx_word' id='word_1_279' title='bbox 914 4246 1040 4306; x_wconf 87' lang='grc'>218</span> <span class='ocrx_word' id='word_1_280' title='bbox 1090 4265 1178 4323; x_wconf 81' lang='lat' dir='ltr'>sq.</span> <span class='ocrx_word' id='word_1_281' title='bbox 1227 4249 1381 4324; x_wconf 89' lang='lat' dir='ltr'>(cod.</span> <span class='ocrx_word' id='word_1_282' title='bbox 1429 4249 1484 4314; x_wconf 86' lang='lat' dir='ltr'>T</span> <span class='ocrx_word' id='word_1_283' title='bbox 1531 4248 1796 4326; x_wconf 86' lang='lat' dir='ltr'>omittit).</span> <span class='ocrx_word' id='word_1_284' title='bbox 2712 4243 2715 4246; x_wconf 57' lang='grc'>’</span> 
     </span>
    </p>
   </div>
  </div>
 </body>
</html>
