3123 4871
1480 266 1923 334 ...20-

528 501 736 547 usum
801 478 1215 549 Foersterus
1273 481 1468 565 dicit,
1528 483 1804 569 puellas
1858 483 2086 551 violas
2141 483 2514 570 collegisse
2566 486 2909 573 legimus

527 585 736 667 (Fast.
771 589 876 656 IV
922 584 1109 668 437):

846 747 860 761 .
913 747 928 761 .
981 747 994 761 .
1047 747 1060 762 .
1109 694 1278 776 huic
1322 705 1491 762 sunt
1534 695 1834 763 violaria
1877 718 2108 764 curae.

733 800 1231 869 Narrationem
1303 802 1391 868 de
1462 803 1809 870 Ascalabo
1875 826 1965 870 ex
2032 804 2374 871 Nicandri
2441 806 2901 874 carminibus

418 918 422 924 ’
520 907 818 975 fluxisse
864 908 1017 995 ipse
1064 930 1205 975 non
1255 931 1531 995 negem,
1589 920 1672 977 ut
1716 931 1932 996 supra
1980 912 2302 998 exposui3
2358 921 2434 979 at
2478 934 2639 980 cum
2688 913 2903 980 hanc

517 1016 832 1082 fabulam
898 1036 1059 1081 cum
1126 1015 1597 1102 explicatione
1664 1017 1751 1083 de
1805 1026 2013 1104 raptu
2071 1027 2145 1084 et
2201 1018 2434 1085 reditu
2491 1019 2668 1086 adeo
2724 1042 2897 1086 non

512 1121 916 1205 cohaerere,
987 1132 1069 1187 ut
1128 1144 1284 1188 eam
1333 1143 1461 1208 pro
1507 1121 1775 1190 inserta
1819 1123 2227 1206 habeamuS,
2304 1126 2896 1194 demonstratum

515 1228 637 1312 sit,
709 1227 842 1294 hoc
910 1229 1283 1295 verborum
1357 1250 1707 1296 consensu
1779 1252 1916 1317 ego
1984 1233 2410 1319 persuadere
2479 1232 2656 1299 mihi
2725 1256 2892 1300 non

512 1356 802 1422 possum
868 1334 1310 1402 Nicandrum
1380 1336 1455 1400 in
1524 1346 1676 1403 tota
1740 1338 2144 1429 narratione
2203 1339 2891 1426 Metamorphoseon

512 1451 835 1509 secutum
886 1463 1039 1508 esse
1082 1451 1389 1529 poetam,
1437 1443 1626 1528 quod
1678 1442 2092 1511 Foersterus
2140 1446 2522 1513 contendit.

726 1548 951 1616 Aliter
1018 1570 1129 1614 res
1200 1570 1276 1614 se
1344 1549 1563 1615 habet
1631 1571 1793 1615 cum
1866 1549 1969 1634 iis,
2040 1547 2246 1638 quae'
2286 1553 2375 1618 de
2431 1552 2889 1621 Callimacho

508 1655 682 1724 dicit
748 1655 860 1722 vir
928 1654 1399 1722 doctissimus,
1493 1658 1683 1722 Nam
1755 1656 2189 1724 simillimam
2260 1680 2412 1724 esse
2484 1658 2724 1726 Ovidii
2791 1659 2883 1726 in
2945 1663 2953 1671 ‘

509 1763 743 1830 Fastis
801 1761 1343 1849 explicationem
1403 1762 1506 1845 iis,
1571 1784 1756 1848 quae
1815 1785 1903 1829 ex
1952 1763 2366 1831 Callimachi
2413 1764 2610 1832 libris
2659 1765 2880 1833 nobis

504 1879 676 1937 sunt
720 1878 1020 1951 servata,
1075 1867 1250 1934 haec
1296 1868 1517 1934 verba
1564 1869 1749 1935 inter
1795 1890 1871 1936 se
1919 1891 2336 1957 comparans
2383 1871 2772 1939 contendit:

684 2011 850 2079 Call.
898 2011 1151 2096 fragm.
1200 2006 1446 2090 511.¹¹)
2025 2011 2218 2080 Fast.
2267 2015 2370 2082 IV
2416 2011 2566 2082 517,

501 2117 731 2209 γρίῖον
779 2112 955 2197 εἶδος
1001 2115 1235 2201 ἔχουσα
1735 2099 2104 2168 Simlssal‘at
2151 2124 2366 2169 anum

715 2242 885 2311 Call.
934 2243 1189 2328 fragm.
1235 2237 1385 2308 437.
1974 2264 1979 2267 -
2025 2225 2216 2296 Fast.
2264 2228 2367 2295 IV
2413 2224 2562 2292 547.

500 2343 535 2417 ὁ
584 2345 667 2441 δὴ
713 2347 986 2437 μίχωνα
1032 2353 1352 2416 antestat
1733 2330 2064 2397 Abstinet
2110 2333 2297 2398 alma
2341 2333 2551 2401 Ceres
2601 2335 2871 2400 somni-

1929 2461 2066 2526 que
2113 2461 2469 2527 papavera
2517 2462 2764 2508 causas

1731 2567 1876 2630 Dat
1946 2564 2071 2630 tibi
2145 2587 2303 2631 cum
2377 2564 2614 2653 tepido
2668 2567 2861 2633 lacte

2199 2670 2518 2757 bibenda,
2567 2694 2740 2760 puer

707 2813 876 2881 Call.
925 2813 1180 2899 fragm.
1229 2808 1376 2878 539.
2016 2814 2208 2881 Fast.
2260 2816 2362 2882 IV
2409 2812 2556 2881 535.

491 2910 743 3004 αὔλιος,
813 2906 887 2999 ὃς
950 2914 1215 3008 ὁυθμὴν
1278 2913 1412 2986 εἶσι
1467 2909 1615 3003 μετ’
1727 2921 1929 3003 Quae
1986 2921 2153 3007 quia
2208 2921 2553 3009 principio
2608 2923 2856 3009 posuit

1236 3017 1493 3093 Ἠελίου
2195 3027 2460 3094 ieiunia
2507 3029 2736 3095 noctis

703 3151 874 3220 Call.
919 3151 1174 3237 fragm.
1223 3147 1374 3218 513.
1565 3181 1568 3186 >
1873 3219 1877 3224 ,
2016 3153 2203 3218 Fast.
2252 3155 2356 3219 IV
2403 3149 2555 3218 413.

483 3258 789 3343 μέσσαβα
834 3262 994 3343 βοῦς
1039 3248 1299 3337 ὑποδύς
1720 3257 1782 3322 Α
1816 3259 1998 3327 bove
2046 3258 2388 3326 succincti
2437 3260 2699 3326 cultros
2746 3282 2851 3327 re-

2101 3377 2384 3432 movete
2430 3366 2736 3432 ministri

683 3490 854 3558 Call.
902 3490 1158 3576 fragm.
1205 3486 1408 3557 25212.
2006 3490 2197 3556 Fast.
2247 3492 2350 3557 IV
2395 3487 2547 3557 438.

1142 3587 1247 3686 ἧχι
1293 3597 1514 3685 γέγεια
1716 3599 1847 3663 Illa
1880 3618 2315 3685 papavereas
2358 3598 2687 3664 subsecat
2719 3617 2845 3664 un-

481 3693 694 3772 ἷὲνθεα
740 3701 1049 3795 μήκωνός
1092 3729 1166 3770 τε
2304 3725 2447 3789 gne
2495 3725 2732 3772 comas

569 3847 738 3916 Call.
789 3849 1039 3933 fragm.
1088 3855 1298 3913 anon.
1352 3843 1498 3914 102.
2007 3847 2197 3915 Fast.
2248 3849 2351 3914 IV
2398 3843 2550 3913 435.

474 3953 719 4044 μύρσον
773 3955 842 4034 ἐς
889 3944 1193 4020 ὠτώεντα
1250 3955 1599 4045 παλαιφα-
1714 3955 1913 4020 Haec
1974 3953 2222 4040 implet
2278 3956 2473 4021 lento
2522 3953 2840 4025 calathos

975 4059 1177 4151 μένης
1221 4050 1507 4150 τ’ἅγνοιο
2101 4084 2137 4127 e
2185 4061 2451 4128 vimine
2501 4082 2722 4126 nexos

695 4241 775 4324 11)
835 4245 909 4303 cf.
954 4245 1238 4303 Foerster
1284 4246 1322 4301 l.
1369 4262 1420 4302 c.
1467 4264 1525 4319 p.
1575 4244 1703 4305 294
1753 4263 1843 4320 sq·
