3123 4871
1377 275 1899 347 -28--

426 506 878 557 communem
933 489 1202 557 iontem
1258 490 1445 577 siglo
1496 514 1530 556 2
1588 502 1846 561 notans
1900 495 2421 583 ostendensque
2440 495 2517 585 ¹³)
2574 499 2786 565 scho-

425 595 708 663 liastam
743 595 983 663 Germ.
1018 597 1134 661 BP
1165 605 1239 664 et
1268 596 1646 683 Hyginum
1693 602 1942 667 eodem
1977 622 2133 668 esse
2164 623 2331 669 usos
2363 605 2782 690 exemplari,

427 723 589 786 non,
633 713 716 769 ut
761 712 1140 789 putaverat
1172 703 1526 771 Robertus
1556 705 1631 787 (l.
1664 727 1722 773 c.
1755 727 1819 792 p.
1853 705 1979 791 11),
2026 708 2201 794 ipsis
2234 709 2782 794 CatasterismiS,

425 809 552 876 sed
608 808 750 875 iam
814 806 1293 877 intercessisse
1346 810 1638 894 librum,
1707 834 1917 898 quem
1974 815 2263 883 vocavit
2304 840 2382 902 y,
2450 816 2782 903 singulas

424 915 869 983 recensiones
915 915 1050 982 hoc
1097 917 1308 984 modo
1353 940 1392 984 e
1440 918 1964 988 Catasterismis
2008 922 2305 989 fluxisse
2350 923 2623 992 docuit:

1351 1041 1836 1111 Catasterismi

1171 1713 1205 1755 ε
1384 1692 1573 1779 Epit.
1653 1694 1768 1757 BP
1951 1692 2141 1777 Hyg.

638 1829 749 1894 Ad
800 1829 1351 1916 diiudicandum,
1400 1834 1741 1921 quidnam
1788 1822 1870 1901 re
1910 1854 2081 1900 vera
2127 1832 2202 1898 in
2252 1830 2779 1897 Catasterismis

423 1934 796 2020 exstiterit,
845 1938 1091 2024 quanti
1125 1938 1220 2005 sit
1250 1940 1425 2006 haec
1458 1940 1744 2006 Rehmii
1779 1938 2196 2021 dissertatiO,
2239 1948 2558 2025 apparet;
2608 1959 2780 2004 nam

423 2052 613 2108 recte
691 2042 833 2109 iam
915 2045 1194 2111 monuit
1273 2048 1650 2113 Moellerus
1676 2047 1783 2133 ¹⁴):
1909 2047 2294 2112 Versionem
2373 2044 2492 2131 (sc.
2572 2044 2774 2109 Arati

427 2149 697 2237 Latini)
755 2152 1003 2215 codicis
1058 2152 1285 2217 instar
1335 2155 1567 2227 habeO,
1643 2177 1861 2240 neque
1924 2154 2155 2218 dubito
2209 2153 2459 2224 omnia,
2533 2152 2783 2236 quibus

426 2257 632 2320 libros
685 2258 908 2322 adhuc
954 2265 1142 2323 notos
1186 2267 1467 2346 superat
1509 2267 1579 2326 et
1623 2284 1773 2326 cum
1821 2262 2098 2346 Hygini
2139 2258 2552 2324 astronomia
2610 2259 2781 2321 Ger-

425 2363 815 2449 manicique
866 2366 1145 2430 scholiis
1202 2370 1554 2442 consentit,
1604 2368 1920 2455 genuina
1974 2389 2265 2453 veraque
2308 2387 2666 2453 agnoscere
2714 2371 2787 2428 vt

424 2472 504 2534 in
552 2473 951 2558 ampliorem
1010 2474 1256 2538 Catast.
1306 2476 1559 2540 librum
1610 2478 1942 2541 reducere.

636 2597 736 2662 At
779 2598 1277 2664 revertendum
1329 2610 1438 2666 est
1481 2599 1572 2666 ad
1617 2599 1979 2667 Ovidium.
2075 2601 2305 2682 Quem
2353 2598 2576 2684 ipsius
2609 2597 2784 2665 Era-

427 2702 774 2770 tosthenis
808 2725 986 2790 opus
1018 2704 1413 2791 inspexisse
1446 2717 1741 2786 conatus
1772 2717 1883 2774 est
1906 2706 2388 2773 demonstrare
2414 2703 2794 2796 RehmiuS,¹

425 2810 546 2896 qui
623 2813 987 2876 Nasonem
1059 2811 1343 2898 saepius
1401 2812 1950 2881 Eratosthenem
2015 2821 2339 2879 secutum
2416 2811 2784 2898 complura

427 2937 996 3001 commemorare,
1062 2939 1245 3004 quae
1299 2918 1372 2984 in
1424 2919 1945 2986 Catasterismis
1993 2941 2133 2985 non
2184 2928 2483 3001 exstent,
2551 2926 2784 2984 osten-

425 3024 604 3088 dens
649 3033 936 3109 poetam
983 3023 1242 3091 librum
1288 3024 1768 3112 integriorem,
1800 3027 2023 3112 ipsius
2056 3024 2550 3096 Eratosthenis
2583 3045 2784 3110 opus,

427 3128 839 3195 adhibuisse
888 3141 1147 3198 censet.
1241 3132 1382 3198 Sed
1431 3132 1768 3219 quoniam
1818 3132 2058 3218 agitur
2104 3133 2191 3199 de
2241 3131 2518 3213 Ovidio,
2565 3153 2780 3217 quem

429 3236 728 3301 eandem
777 3236 1147 3303 materiam
1196 3247 1618 3306 tractantem
1667 3239 2082 3326 saepissime
2124 3237 2601 3325 compluribus
2633 3238 2785 3302 fon-

424 3340 615 3407 tibus
664 3362 874 3408 usum
925 3327 1083 3409 esse*
1123 3366 1334 3412 nemo
1380 3345 1684 3431 ignorat,
1733 3368 1824 3411 an
1861 3345 2164 3412 Rehmio
2208 3344 2553 3411 assentiar
2584 3343 2785 3409 dubi-

424 3457 586 3514 tans
657 3447 868 3514 aliam
939 3449 1130 3515 viam
1200 3452 1527 3538 persequi
1586 3452 1885 3521 decrevi.
1983 3452 2295 3517 Primum
2354 3450 2543 3516 enim
2599 3471 2782 3537 opus

423 3555 560 3622 erit
629 3554 1000 3622 ostendere
1055 3579 1130 3624 re
1185 3580 1354 3624 vera
1404 3558 1645 3625 Ovidii
1703 3559 2142 3624 narrationes
2200 3557 2570 3624 cohaerere
2618 3578 2783 3623 cum

421 3661 530 3746 iis,
564 3682 740 3749 quas
765 3661 1221 3731 Eratostheni
1247 3686 1626 3751 possumus
1652 3665 2060 3746 attribuere3
2095 3663 2349 3730 deinde
2383 3663 2784 3730 accuratius

424 3768 1008 3856 investigandum
1069 3793 1219 3838 esse
1274 3783 1453 3858 puto
1501 3793 1675 3837 num
1721 3781 1933 3858 poeta
1978 3771 2054 3838 in
2099 3770 2386 3854 fabulis,
2459 3792 2635 3857 quas
2681 3792 2789 3836 se-

424 3877 741 3944 cundum
766 3876 1321 3947 Eratosthenem
1352 3878 1648 3961 rettulit,
1695 3899 1806 3943 res
1839 3877 2254 3960 narraverit,
2297 3898 2493 3963 qua5‚
2541 3898 2790 3962 quam-

648 4060 720 4135 13)
769 4061 968 4117 Rehm
1014 4077 1101 4135 pr.
1146 4080 1206 4135 p.
1252 4061 1452 4117 XXIII
1500 4079 1588 4135 sq.

647 4149 725 4226 ¹⁴)
781 4149 1043 4207 Ioannes
1112 4150 1394 4216 Moeller‚
1485 4149 1697 4206 Studia
1767 4149 2112 4209 Maniliana.
2248 4149 2408 4207 Diss.
2478 4149 2792 4227 Marpurgi

436 4235 593 4297 1901
651 4258 715 4313 p.
761 4237 866 4303 45.
