3123 4871
1235 309 1679 378 ..21-

413 530 583 598 Call.
632 527 889 616 fragm.
937 549 1143 595 anon.
1190 523 1255 594 8.
1450 526 1456 589 ἰ
1793 525 1985 591 Fast.
2034 525 2136 592 IV
2182 518 2329 588 506.

811 625 1097 723 ἀσταγὲς
1139 626 1315 720 ὕδωρ
1451 596 1457 731 !
1513 687 1527 700 .
1617 686 1630 700 .
1716 685 1729 699 .
1802 630 2081 719 patiens
2160 637 2233 696 et
2299 623 2633 715 pluvialis

2296 755 2523 821 aquae

1738 872 1809 930 et
1858 862 2047 930 Fast.
2098 863 2203 930 IV
2250 856 2400 927 427.

1708 1023 1721 1037 .
1790 970 1994 1035 lucus
2073 977 2181 1035 est
2265 964 2634 1054 aspergiae

2318 1072 2546 1138 multa

1511 1183 1794 1253 Uvidus
1872 1205 1961 1248 ex
2031 1182 2174 1248 alto
2245 1177 2633 1247 desilientis

985 1320 992 1326 ·
1451 1254 1456 1355 Ι
2295 1306 2523 1372 aquae

504 1417 675 1485 Call.
724 1417 976 1503 fragm.
1026 1411 1176 1483 361.
1450 1358 1457 1471 ι
1801 1413 1989 1480 Fast.
2039 1414 2145 1481 1V
2188 1406 2336 1476 470.

277 1521 353 1590 οἳ
401 1523 473 1590 δὲ
533 1523 708 1591 Γέλα
773 1528 1086 1608 ποταμοῦ
1141 1525 1398 1612 κεφαλῇ
1452 1476 1459 1579 l
2151 1516 2539 1606 (praeterit)

683 1628 1106 1715 ἐπικείμενον
1149 1617 1314 1697 How
1512 1628 1611 1698 Et
1639 1638 1709 1696 te
1735 1627 2115 1695 verticibus
2140 1646 2284 1691 non
2310 1622 2636 1690 adeunde

2340 1731 2525 1798 Gela

504 1880 707 1962 Quae
773 1877 1122 1945 Foersteri
1188 1877 1566 1965 explicatio
1616 1876 1956 1944 Ovidium
2010 1877 2083 1941 in
2144 1874 2376 1943 Fastis
2432 1873 2638 1942 Calli·

281 1983 516 2052 machi
564 1984 880 2051 carmina
925 1984 1332 2052 adhibuisse
1379 1984 1707 2053 ostendit.
1777 1984 1876 2054 Et
1921 1982 2252 2070 quoniam
2301 1981 2375 2048 in
2418 1984 2638 2049 Meta·

280 2091 778 2178 morphosibus
856 2092 1161 2159 eundem
1216 2092 1483 2159 fontem
1544 2112 1710 2158 eum
1770 2101 2093 2158 secutum
2152 2111 2306 2157 esse
2352 2088 2636 2155 demon·

280 2198 528 2281 stravi,
597 2208 883 2285 poetam
932 2209 1005 2265 et
1049 2198 1122 2265 in
1173 2198 1403 2266 Fastis
1452 2208 1524 2265 et
1570 2198 1645 2264 in
1696 2196 2386 2284 Metamorphosibus
2436 2195 2637 2263 Calli-

281 2305 514 2371 machi
586 2305 897 2391 vestigia
960 2306 1301 2392 pressisse
1364 2305 1789 2372 contendere
1855 2326 1994 2370 non
2061 2304 2328 2373 dubito,
2426 2304 2636 2373 Unde

284 2434 452 2479 vero
500 2412 806 2497 fabulas»,
870 2433 1046 2500 quas
1094 2412 1398 2480 insertas
1444 2411 1519 2479 in
1572 2410 2262 2499 Metamorphosibus
2308 2411 2635 2496 vidimuS,

283 2519 682 2606 sumpserit,
731 2520 819 2586 de
865 2520 1001 2586 hac
1046 2542 1120 2587 re
1167 2520 1346 2586 nihil
1393 2519 1764 2587 diiudicari
1812 2539 2016 2607 posse
2065 2541 2337 2587 censeo,

498 2646 650 2710 Iam
723 2666 892 2711 vero
961 2644 1165 2711 nobis
1230 2644 1302 2710 id
1368 2645 1730 2731 agendum
1795 2654 1920 2729 est,
1989 2654 2071 2711 ut
2129 2643 2636 2727 examinemus,

284 2761 524 2817 utrum
582 2751 796 2818 etiam
852 2751 1008 2818 aliis
1064 2751 1237 2818 locis
1292 2751 1367 2817 in
1426 2763 1729 2839 utroque
1784 2752 1963 2818 libro
2020 2752 2302 2818 easdem
2360 2752 2636 2817 fabulas

285 2856 488 2923 aliter
544 2858 956 2924 tractaverit
1010 2868 1219 2945 poeta
1268 2881 1505 2925 necne.
1601 2861 1697 2926 At
1742 2881 1834 2925 ne
1879 2858 2068 2924 idem
2113 2858 2371 2925 iterum
2420 2858 2637 2944 expli-

283 2972 507 3047 cetur,
592 2986 768 3051 quas
848 2964 990 3032 iam
1064 2966 1600 3033 Krassowskius
1672 2965 2041 3033 constituit
2109 2964 2634 3051 discrepantias,

283 3070 854 3157 praetermittens
902 3072 989 3138 de
1034 3071 1121 3138 iis
1169 3073 1379 3139 modo
1428 3073 1644 3139 verba
1692 3073 1966 3155 faciam,
2013 3093 2188 3159 quas
2239 3073 2635 3138 Krassows-

285 3175 485 3243 kium
535 3177 874 3263 effugisse
920 3188 1113 3265 puto,

499 3283 875 3367 Quomodo
938 3294 1151 3372 poeta
1207 3285 1504 3351 eandem
1563 3285 1876 3351 fabulam
1935 3285 2294 3352 interdum
2343 3285 2636 3354 consilio

283 3411 415 3456 suo
461 3389 812 3476 aptaverit
869 3401 940 3457 et
978 3391 1088 3457 -ita
1136 3391 1430 3458 eandem
1482 3392 1550 3457 in
1606 3400 1904 3479 utroque
1951 3379 2130 3459 libro
2178 3393 2316 3459 alia
2364 3394 2636 3460 ratione

283 3494 713 3580 adhibuerit,
783 3496 1222 3564 demonstrat
1277 3498 1588 3565 narratio
1645 3500 1741 3564 de
1791 3498 2211 3586 Capitolio
2269 3510 2635 3584 servato,

285 3623 498 3689 quam
550 3603 882 3690 exposuit
927 3604 1000 3669 iu
1052 3603 1285 3670 Fastis
1343 3614 1414 3671 et
1460 3604 1534 3670 in
1586 3605 2280 3691 Metamorphosibus
2337 3606 2552 3688 (Fast.
2602 3609 2634 3672 I

282 3706 416 3774 259
463 3731 611 3797 sqq.
681 3748 763 3759 —
839 3712 1000 3778 Met.
1049 3712 1225 3779 XIV
1272 3709 1403 3777 775
1449 3716 1645 3799 sqq.),
1705 3713 1824 3779 sed
1875 3712 2069 3779 varie
2129 3714 2454 3780 referens.
2549 3715 2634 3779 In

287 3815 521 3882 Fastis
569 3816 754 3883 enim
807 3820 1023 3885 Ianus
1072 3837 1146 3884 se
1193 3819 1455 3906 ipsum,
1511 3841 1602 3886 ne
1648 3819 1723 3884 in
1772 3818 2200 3906 Capitolium
2247 3820 2638 3887 inciderent

284 3922 552 4007 Sabini,
601 3923 1047 4010 prohibuisse
1095 3936 1336 3992 narrat
1382 3927 1597 4009 (Fast.
1649 3928 1681 3990 I
1730 3922 1862 3992 267
1909 3929 2054 4013 sq.):
2101 3999 2104 4002 Α
2465 3943 2468 3946 ·

696 4051 860 4135 Ipse
907 4069 1109 4116 meae
1156 4050 1349 4117 movi
1398 4051 1694 4117 callidus
1744 4051 1914 4117 artis
1939 4073 2176 4138 ‘opus‘

609 4155 912 4241 Oraque,
961 4178 1101 4242 qua
1147 4157 1421 4242 pollens
1469 4179 1605 4244 ope
1653 4180 1830 4241 sum,
1877 4159 2169 4224 fontana
2216 4156 2470 4224 reclusi

652 4301 658 4310 ·
696 4262 1021 4348 Sumque
1062 4263 1912 4350 repentinaseiaculatu‘s
1947 4255 2198 4352 aquas,
