3123 4871
1441 282 1881 388 ...36-

700 534 810 599 De
864 533 1029 620 eqni
1079 532 1568 601 catasterisrno
1614 540 1829 602 verba
1875 536 2141 603 faciens
2186 534 2261 602 in
2310 535 2541 623 capite
2580 536 2850 605 XVIII

486 639 910 726 epitomator
957 652 1491 708 commemoratt·
1522 630 1812 729 ’Ἄρατος
1853 642 1975 728 μὲν
2021 633 2136 709 οὖν
2181 643 2348 734 φησὶ
2393 637 2508 709 τὸν
2553 643 2678 710 ἐπὶ
2723 650 2846 710 τοῦ

483 738 830 826 (Ελὲκῶὺος
886 742 1057 815 εἶναι
1127 745 1511 837 ποιήσαντα
1565 746 1806 840 κρήνην
1873 754 1954 839 τῇ
2027 741 2209 839 ὁπλῇ
2272 751 2409 816 κτλ.
2478 788 2567 798 -
2636 739 2844 816 ἄλλοι

484 853 561 919 δὲ
602 849 722 919 τὸν
767 851 1088 945 Πήγασον
1132 847 1300 921 εἶναί
1343 879 1512 946 φασι
1558 849 1672 921 τὸν
1718 853 1815 935 εἷς
1861 844 2071 944 ἄστρα
2118 847 2514 923 ἀναπτάντα
2558 848 2858 943 ὕστερον

484 965 602 1048 τῆς
662 958 1194 1050 Βελλεροφόντου
1254 959 1604 1042 πτώσεως.
1700 963 1902 1046 Quae
1976 972 2374 1049 sequuntur
2438 963 2651 1029 verba
2721 958 2848 1029 διὰ

483 1062 561 1131 τὸ
592 1062 686 1156 μὴ
720 1064 890 1151 ἔχειν
919 1069 1056 1133 κτλ.
1090 1067 1264 1134 satis
1295 1067 1560 1134 recenti
1596 1079 1911 1154 tempore
1954 1090 2105 1134 esse
2138 1068 2389 1152 addita,
2421 1069 2850 1155 praesertim

485 1195 649 1239 cum
695 1192 906 1239 nemo
955 1174 1244 1240 testium
1294 1196 1373 1240 ea
1423 1174 1859 1256 tradidisset,
1921 1184 2108 1241 recte
2156 1175 2433 1242 censuit
2480 1174 2856 1241 Robertus

486 1280 553 1367 (1.
605 1302 660 1348 c.
710 1302 773 1367 p.
820 1277 955 1345 120
1001 1279 1212 1368 adn).
1306 1284 1402 1346 At
1454 1302 1597 1347 non
1657 1280 1868 1347 modo
1923 1280 2102 1347 haec
2157 1303 2311 1347 esse
2365 1281 2648 1352 inserta,
2711 1282 2844 1347 sed

486 1386 702 1453 etiam
753 1396 973 1454 totam
1027 1386 1114 1453 de
1160 1390 1434 1472 Pegaso
1480 1376 1792 1453 fabulam
1864 1409 2007 1454 non
2067 1387 2143 1453 in
2193 1387 2555 1474 Catalogis
2615 1386 2853 1453 fuisse.-

486 1503 857 1561 tractatam
923 1492 1318 1581 apparebit,
1383 1493 1441 1559 si
1508 1493 2022 1579 perlegerimus
2083 1495 2448 1562 stellarum
2510 1494 2854 1572 indicem,

484 1601 558 1665 in
598 1622 740 1688 quo
780 1601 868 1667 de
912 1600 1075 1687 equi
1119 1600 1250 1666 alis
1282 1599 1574 1667 omnino
1619 1600 1797 1666 nihil
1854 1612 2467 1669 commemoratur.
2557 1600 2842 1668 Tamen

485 1728 668 1790 eum,
716 1706 838 1793 qui
884 1706 1161 1773 addidit
1206 1706 1540 1789 fabulam,
1592 1709 1943 1792 Pegasum
1986 1717 2378 1794 pennatum
2412 1706 2853 1793 cognovisse

485 1824 1040 1880 consentaneum
1088 1822 1219 1879 est:

700 1920 897 2007 Epir:
945 1917 1266 2009 Πήγασον
1301 1914 1474 1986 εἶναι’
1502 1943 1672 2008 φασι
1704 1913 1821 1986 τὸν
1853 1918 1951 1999 εἷς
1979 1914 2065 1987 τὰ
2101 1909 2308 2009 ἄστρα
2343 1910 2849 1987 ἇναπτάντα,

699 2026 897 2092 Idem
946 2026 1169 2092 codex
1199 2025 1265 2091 T
1310 2028 1421 2106 (R.
1457 2048 1558 2113 pr.
1608 2049 1673 2113 p.
1710 2022 1797 2108 4).

700 2133 936 2201 Schol.
972 2134 1215 2200 Germ.
1251 2134 1367 2198 BP
1407 2138 1499 2220 (p.
1537 2129 1668 2197 120
1698 2156 1799 2219 sq.
1835 2133 2062 2215 Rob.):
2104 2134 2244 2198 aliz·
2283 2135 2467 2198 hunc
2496 2135 2845 2219 Pegasum

487 2242 731 2306 dieunt
771 2242 869 2304 ad
905 2246 1092 2306 astra
1139 2241 1505 2306 evolasse.
2799 2308 2812 2319 J

700 2346 929 2414 Schol.
993 2347 1229 2414 Germ.
1297 2347 1365 2413 G
1434 2351 1526 2433 (p.
1598 2343 1727 2411 120
1796 2369 1896 2434 sq.
1971 2347 2204 2428 Rob.):
2285 2347 2619 2412 nonnulli
2681 2369 2851 2411 vero

485 2457 823 2540 Pegasum
856 2460 1133 2542 putant,
1184 2455 1308 2541 qui
1348 2456 1446 2519 ad
1480 2460 1668 2520 astra
1716 2456 2092 2521 evolavit.

703 2561 1046 2647 Hyginus
1091 2565 1186 2648 (p.
1232 2558 1362 2625 120
1403 2583 1499 2647 sq.
1545 2562 1780 2644 Rob.):
1850 2584 2061 2647 equus
2106 2567 2336 2626 autem
2380 2562 2850 2626 subvolasse

487 2670 937 2734 existimatur.
2679 2655 2682 2656 ⁷

698 2777 963 2842 Aratus
1026 2775 1326 2846 Latinus
1381 2775 1680 2861 (Comm.
1753 2776 1827 2841 in
1878 2778 1993 2842 Ar.
2065 2796 2128 2862 p.
2200 2771 2382 2857 219):
2460 2776 2633 2840 Alii
2681 2797 2848 2839 vem

485 2884 694 2947 aiunt
734 2884 1074 2968 Pegasum
1120 2904 1276 2954 esse,
1328 2883 1453 2967 qui
1493 2884 1592 2945 (ια’
1627 2887 1815 2946 astra
1862 2883 2234 2946 evolavit.

488 2989 690 3057 aiunt
740 2993 1093 3074 Pegasum
1143 3010 1321 3071 esse,
1383 2988 1503 3074 qui
1551 2988 1639 3054 ad
1690 2998 1880 3054 astra
1927 2988 2321 3057 evolavit.

705 3095 944 3165 Etiam
995 3095 1298 3164 Ovidius
1346 3094 1518 3161 dicit
1564 3094 1779 3174 (Fast.
1830 3096 1941 3160 III
1989 3092 2181 3181 457):

807 3205 1019 3268 Nunc
1066 3202 1320 3269 fruitur
1367 3202 1578 3285 cae10,
1628 3222 1836 3288 quem
1886 3202 2184 3289 pennis
2231 3210 2397 3267 a'nte
2444 3200 2748 3288 petebat.

704 3311 858 3375 Nec
904 3309 1281 3396 quicquam
1330 3309 1418 3374 de
1466 3309 1628 3395 equi
1678 3308 1809 3375 alis
1838 3308 1912 3373 in
1944 3308 2194 3374 indice.
2286 3306 2841 3377 Eratosthenem

487 3416 591 3484 ita
649 3436 979 3501 peccasse
1042 3437 1252 3481 nemo
1314 3414 1457 3480 sibi
1513 3415 1776 3501 poterit
1820 3413 2274 3502 persuadere;
2320 3415 2562 3500 itaque
2609 3422 2839 3480 totam

489 3524 578 3589 de
605 3526 876 3608 Pegaso
922 3522 1397 3588 narrationem
1448 3543 1601 3587 esse
1643 3511 1990 3588 adiectam
2026 3530 2340 3607 apparet.
2411 3526 2506 3586 At
2531 3520 2847 3587 Ovidius

489 3640 864 3714 utramque
911 3628 1194 3696 fabulae
1240 3630 1540 3694 formam
1591 3627 2082 3694 contaminans
2132 3626 2377 3692 eodem
2426 3614 2638 3693 modo
2685 3648 2838 3691 rem

488 3737 777 3823 profert3
849 3735 1035 3802 unde
1104 3757 1266 3802 eum
1340 3756 1479 3800 uon
1552 3733 2048 3804 Eratosthenis
2116 3733 2340 3820 ipsius
2408 3733 2665 3799 librum
2734 3731 2850 3797 in-

489 3843 804 3931 spexisse
850 3841 1209 3929 probabile
1256 3850 1381 3923 est,
1428 3840 1551 3907 ‘sed
1601 3840 2080 3907 recensionem
2129 3839 2630 3906 additamentis
2679 3860 2852 3904 auc-

491 3963 655 4033 tam,
704 3948 933 4036 qualis
982 3959 1088 4014 est
1136 3948 1824 4015 Catasterismorum.

702 4055 916 4122 Aliud
983 4054 1299 4121 eiusdem
1356 4055 1456 4119 rei
1522 4064 2026 4140 argumentum
2097 4052 2440 4140 praebent
2470 4045 2701 4118 'verba
2747 4052 2849 4117 de

492 4186 656 4230 ursa
704 4162 971 4229 maiore
1020 4171 1091 4228 et
1136 4160 1222 4225 de
1258 4160 1793 4247 Arctophylace.
1888 4160 2084 4227 Alios
2133 4160 2430 4225 alterum
2466 4159 2660 4224 sidus
2693 4158 2859 4223 non'

406 4259 412 4265 ⁵
492 4291 728 4338 ursam
801 4269 921 4335 sed
995 4270 1408 4354 plaustrum,
1479 4250 1779 4332 alterum
1853 4288 1993 4332 non
2054 4265 2646 4353 Arctophylacem'
2713 4265 2846 4329 sed
