3123 4871
1367 265 1791 334 ...32-

627 481 760 550 Vel
806 480 1058 548 iisdem
1105 482 1250 549 fere
1281 480 1518 549 verbis
1566 503 1739 549 usus
1786 492 1895 550 est
1936 492 2148 569 poeta
2178 483 2252 549 in
2283 482 2466 550 libro
2497 495 2786 571 quarte,

414 586 671 672 quibus
739 587 954 653 schol.
1030 589 1269 655 Germ.
1337 591 1451 654 BP
1507 584 1702 673 7430
1771 598 1844 655 et
1914 589 2256 675 Hyginus
2314 590 2498 658 Astr.
2549 593 2620 657 II
2681 589 2783 658 21

415 693 955 761 Catasterismos
1003 703 1394 762 verterunt:

627 800 815 867 Fast.
863 803 966 868 1V
1013 797 1173 868 718:

823 909 990 975 Pars
1037 908 1227 994 prior
1274 920 1585 996 apparet,
1631 909 2023 996 posteriora
2067 911 2310 977 latent.

409 1014 644 1082 Schol.
695 1014 967 1081 Germ.:
1037 1016 1315 1080 Priores
1348 1022 1586 1101 partes
1620 1022 1879 1102 parent
1923 1056 2005 1063 --

412 1124 637 1207 Hyg.:
719 1123 921 1204 Quod
946 1123 1150 1207 prior
1180 1131 1349 1207 pars
1391 1128 1731 1208 appareat.

624 1245 963 1329 Hyadas
1069 1247 1458 1312 secundum
1555 1246 2027 1331 Pherecydem
2119 1246 2353 1319 Liberi
2448 1247 2770 1315 nutrices

410 1353 654 1419 haberi
725 1364 1018 1421 narrant
1088 1375 1364 1436 omneS,
1436 1353 1558 1440 qui
1608 1353 2147 1420 Catasterismos
2217 1354 2769 1440 exscripserunt,

409 1459 744 1547 Epitome
792 1462 876 1547 (c.
911 1463 1087 1528 XIV
1134 1483 1198 1547 p.
1230 1456 1362 1526 106
1398 1459 1624 1547 Rob.),
1658 1461 1880 1528 codex
1911 1459 1978 1527 T
2009 1460 2125 1547 (R.
2156 1482 2253 1548 pr.
2286 1483 2349 1548 p.
2382 1458 2463 1545 4),
2495 1461 2770 1528 Aratus

406 1566 711 1637 Latinus
758 1566 1060 1654 (Comm.
1109 1566 1184 1632 in
1215 1568 1329 1633 Ar.
1362 1588 1434 1654 p.
1464 1563 1648 1653 212).
1745 1566 1987 1635 Etiam
2036 1567 2309 1635 Musaei
2361 1568 2766 1636 versionem

404 1673 951 1743 Eratosthenem
1002 1684 1341 1741 tractasse
1387 1695 1476 1739 ex
1524 1673 1812 1740 scholiis
1847 1674 2144 1757 ArateiS,
2192 1674 2479 1740 scholiis
2513 1675 2766 1744 Germ.

405 1783 536 1864 BP,
587 1780 885 1866 Hygino
933 1789 1120 1846 recte
1169 1780 1471 1847 coniecit
1517 1781 1873 1847 Robertus
1915 1780 1985 1863 (l.
2036 1802 2093 1848 c.
2140 1803 2203 1868 p.
2252 1777 2388 1867 12).
2481 1781 2759 1851 Eodem

402 1887 613 1953 modo
679 1886 987 1953 breviter
1052 1886 1349 1973 attingit
1412 1897 1788 1974 utramque
1853 1887 2134 1954 fabulae
2190 1888 2487 1954 formam
2545 1898 2769 1974 poeta

400 1993 620 2075 (Fast.
657 1995 722 2060 V
771 1990 898 2059 167
946 1994 1102 2081 sq.):

727 2120 893 2184 Pars
943 2117 1299 2184 Bacchum
1348 2118 1658 2184 nutrisse
1705 2126 1930 2205 putat,
1978 2140 2141 2205 pars
2190 2117 2486 2185 credidit
2532 2140 2686 2184 esse

811 2225 1129 2308 Tethyos
1176 2226 1305 2290 has
1352 2235 1603 2311 neptes
1652 2225 2061 2310 Oceanique
2108 2225 2315 2291 seniS.

619 2351 736 2415 De
821 2349 1166 2435 aquario
1254 2349 1677 2437 epitomator
1765 2349 1838 2415 in
1927 2370 2073 2434 cap.
2145 2351 2393 2418 XXVI
2483 2349 2758 2416 scribit:

407 2443 618 2537 Οὗτος
664 2458 846 2524 δοκεῖ
891 2459 1258 2546 κεκλῆσθαι
1307 2447 1454 2523 ἀπὸ
1482 2464 1601 2545 τῆς
1631 2455 1941 2543 πράξεως
1971 2448 2336 2543 εΥόροχὸος
2363 2508 2376 2522 .
2425 2453 2591 2541 ἔχων
2623 2451 2762 2544 γὰρ

398 2561 670 2654 ἔστηκεν
756 2561 1056 2655 οἰνοχόην
1132 2562 1242 2629 καὶ
1339 2561 1600 2649 ἔκχυσιν
1684 2559 1942 2652 πολλὴν
2019 2568 2313 2630 ποιεῖται
2391 2554 2583 2652 {ypof-
2664 2602 2749 2611 -—-

395 2661 438 2760 ἡ
471 2669 814 2760 γιγνομένη
847 2668 1099 2755 ἔκχυσις
1127 2668 1455 2751 εἰκάζεται
1504 2676 1599 2759 τῷ
1649 2671 1923 2757 νέκταρι,
1978 2658 2015 2736 3
2062 2670 2174 2736 καὶ
2228 2661 2362 2736 §ab
2403 2676 2537 2736 τῶν
2565 2676 2762 2736 θεῶν

397 2776 690 2845 πίνεται.

610 2884 808 2950 Idem
840 2887 985 2951 fere
1016 2895 1307 2952 servant
1338 2884 1722 2952 scholiasta
1747 2886 2069 2967 ArateuS,
2097 2877 2503 2950 Germanici
2536 2883 2756 2950 inter-

393 3000 646 3078 preteS,
704 2989 1042 3076 Hyginus
1089 2990 1180 3078 (p.
1218 2988 1345 3055 144
1378 3013 1479 3078 sq.
1517 2990 1741 3073 Rob.),
1788 2992 2050 3057 Aratus
2079 2990 2401 3072 ,Latinus
2449 2991 2751 3072 (Comm.

392 3097 466 3162 in
515 3099 628 3164 Ar.
675 3118 742 3184 p.
791 3094 971 3184 235).
1068 3098 1370 3167 Ovidius
1417 3097 1597 3164 haec
1643 3097 1952 3184 explicat
1998 3096 2319 3184 (Fast.11
2357 3093 2484 3161 145
2517 3096 2674 3183 sq.):

715 3242 867 3305 Iam
914 3260 1091 3327 puer
1138 3240 1394 3307 Idaeus
1443 3240 1677 3307 media
1726 3249 1933 3306 tenus
1982 3239 2245 3305 eminet
2292 3240 2454 3305 alvo

804 3347 900 3417 Et
944 3346 1251 3434 liquidas
1299 3347 1523 3415 mixto
1573 3362 1854 3414 nectare
1902 3346 2137 3413 fundit
2183 3366 2423 3431 aquas.

587 3471 1003 3555 Orionem,
1035 3472 1356 3559 Neptuni
1392 3494 1481 3538 ex
1508 3472 1818 3556 Euryale
1852 3471 2103 3554 filium,
2135 3461 2425 3558 propter
2455 3470 2742 3536 inanem

390 3578 939 3645 ostentationem
1010 3588 1458 3666 persecutum
1535 3601 1687 3644 esse
1757 3577 2215 3664 scorpionem,
2288 3598 2498 3663 quem
2560 3586 2748 3643 terra

390 3685 728 3768 misisset,
785 3686 1172 3752 secundum
1226 3684 1623 3752 Hesiodum
1673 3684 2036 3771 explicant
2093 3705 2339 3750 omnes
2386 3683 2490 3749 illi
2540 3682 2751 3750 Cata-

392 3792 883 3859 sterismorum
941 3792 1362 3879 expilatores
1422 3792 1512 3880 (p.
1560 3787 1693 3856 162
1750 3813 1850 3878 sq.
1903 3790 2117 3874 Rob.,
2177 3792 2445 3857 Comm.
2500 3790 2575 3855 in
2621 3790 2738 3855 Ar.

386 3920 454 3985 P.
526 3896 688 3986 247)
767 3909 1045 3984 praeter
1114 3899 1425 3965 codicem
1495 3897 1579 3965 T.
1708 3902 2077 3965 Praeterea
2160 3896 2739 3964 Aristomachum

389 4028 710 4073 narrasse
780 4005 1115 4072 Orionem
1196 4029 1284 4073 ex
1363 4006 1569 4073 urina
1644 4006 1937 4072 deorum
2019 4027 2172 4072 esse
2252 4014 2484 4071 ortum
2557 4014 2747 4070 uter-

387 4134 525 4199 que
627 4112 1032 4180 Germanici
1140 4113 1520 4180 scholiasta
1633 4122 1705 4179 et
1806 4111 2147 4199 Hyginus
2244 4111 2549 4178 tradunt
2648 4132 2739 4176 ex

387 4220 889 4303 Eratosthene,
991 4229 1074 4286 ut
1172 4219 1690 4287 demonstravit
1781 4220 2135 4286 Robertus
2235 4218 2330 4305 (p.
2424 4215 2512 4282 12
2604 4217 2744 4302 sq.)
