<?xml version="1.0" encoding="UTF-8"?>
<!DOCTYPE html PUBLIC "-//W3C//DTD XHTML 1.0 Transitional//EN"
    "http://www.w3.org/TR/xhtml1/DTD/xhtml1-transitional.dtd">
<html xmlns="http://www.w3.org/1999/xhtml" xml:lang="en" lang="en">
 <head>
  <title>
</title>
<meta http-equiv="Content-Type" content="text/html;charset=utf-8" />
  <meta name='ocr-system' content='tesseract 3.04.00' />
  <meta name='ocr-capabilities' content='ocr_page ocr_carea ocr_par ocr_line ocrx_word'/>
</head>
<body>
  <div class='ocr_page' id='page_1' title='image "./quaestionumovid00presgoog_0064.png"; bbox 0 0 3123 4871; ppageno 0'>
   <div class='ocr_carea' id='block_1_1' title="bbox 1488 277 1929 345">
    <p class='ocr_par' dir='ltr' id='par_1_1' title="bbox 1488 277 1929 345">
     <span class='ocr_line' id='line_1_1' title="bbox 1488 277 1929 345; baseline -0.002 -14"><span class='ocrx_word' id='word_1_1' title='bbox 1488 277 1929 345; x_wconf 72' lang='lat'>...53-</span> 
     </span>
    </p>
   </div>
   <div class='ocr_carea' id='block_1_2' title="bbox 523 492 2899 4102">
    <p class='ocr_par' dir='ltr' id='par_1_2' title="bbox 538 492 2899 1015">
     <span class='ocr_line' id='line_1_2' title="bbox 540 492 2899 580; baseline -0.001 -21"><span class='ocrx_word' id='word_1_2' title='bbox 540 502 778 567; x_wconf 85' lang='lat' dir='ltr'>tamen</span> <span class='ocrx_word' id='word_1_3' title='bbox 828 493 1122 580; x_wconf 79' lang='lat' dir='ltr'>paulum</span> <span class='ocrx_word' id='word_1_4' title='bbox 1162 493 1480 563; x_wconf 44' lang='lat' dir='ltr'>*haesitat</span> <span class='ocrx_word' id='word_1_5' title='bbox 1524 493 1942 562; x_wconf 84' lang='lat' dir='ltr'>existimans</span> <span class='ocrx_word' id='word_1_6' title='bbox 1989 502 2271 580; x_wconf 85' lang='lat' dir='ltr'>poetam</span> <span class='ocrx_word' id='word_1_7' title='bbox 2318 514 2665 579; x_wconf 83' lang='lat' dir='ltr'>peccasse,</span> <span class='ocrx_word' id='word_1_8' title='bbox 2699 492 2899 579; x_wconf 85' lang='lat' dir='ltr'>quod</span> 
     </span>
     <span class='ocr_line' id='line_1_3' title="bbox 540 598 2899 686; baseline -0.002 -19"><span class='ocrx_word' id='word_1_9' title='bbox 540 598 918 667; x_wconf 76' lang='lat' dir='ltr'>Chironem</span> <span class='ocrx_word' id='word_1_10' title='bbox 966 598 1201 686; x_wconf 80' lang='lat' dir='ltr'>ipsum</span> <span class='ocrx_word' id='word_1_11' title='bbox 1250 600 1514 686; x_wconf 81' lang='lat' dir='ltr'>sagitta</span> <span class='ocrx_word' id='word_1_12' title='bbox 1560 599 1760 667; x_wconf 82' lang='lat' dir='ltr'>fatali</span> <span class='ocrx_word' id='word_1_13' title='bbox 1802 621 1877 666; x_wconf 87' lang='lat' dir='ltr'>se</span> <span class='ocrx_word' id='word_1_14' title='bbox 1909 600 2320 666; x_wconf 83' lang='lat' dir='ltr'>vulnerasse</span> <span class='ocrx_word' id='word_1_15' title='bbox 2353 599 2655 666; x_wconf 89' lang='lat' dir='ltr'>Ovidius</span> <span class='ocrx_word' id='word_1_16' title='bbox 2687 598 2899 681; x_wconf 80' lang='lat' dir='ltr'>dixit,</span> 
     </span>
     <span class='ocr_line' id='line_1_4' title="bbox 538 706 2898 793; baseline 0.001 -22"><span class='ocrx_word' id='word_1_17' title='bbox 538 728 698 771; x_wconf 86' lang='lat' dir='ltr'>cum</span> <span class='ocrx_word' id='word_1_18' title='bbox 791 707 1085 773; x_wconf 83' lang='lat' dir='ltr'>Herculi</span> <span class='ocrx_word' id='word_1_19' title='bbox 1164 707 1705 777; x_wconf 85' lang='lat' dir='ltr'>Catasterismos</span> <span class='ocrx_word' id='word_1_20' title='bbox 1796 707 2076 793; x_wconf 89' lang='lat' dir='ltr'>culpam</span> <span class='ocrx_word' id='word_1_21' title='bbox 2169 706 2575 773; x_wconf 82' lang='lat' dir='ltr'>attribuisse</span> <span class='ocrx_word' id='word_1_22' title='bbox 2660 717 2898 792; x_wconf 87' lang='lat' dir='ltr'>putet.</span> 
     </span>
     <span class='ocr_line' id='line_1_5' title="bbox 539 812 2899 899; baseline 0 -21"><span class='ocrx_word' id='word_1_23' title='bbox 539 814 772 896; x_wconf 76' lang='lat' dir='ltr'>Quam</span> <span class='ocrx_word' id='word_1_24' title='bbox 846 813 1252 899; x_wconf 86' lang='lat' dir='ltr'>opinionem</span> <span class='ocrx_word' id='word_1_25' title='bbox 1316 813 1702 880; x_wconf 89' lang='lat' dir='ltr'>Rehmium</span> <span class='ocrx_word' id='word_1_26' title='bbox 1772 812 2106 879; x_wconf 76' lang='lat' dir='ltr'>fefellisse</span> <span class='ocrx_word' id='word_1_27' title='bbox 2176 813 2417 879; x_wconf 86' lang='lat' dir='ltr'>statim</span> <span class='ocrx_word' id='word_1_28' title='bbox 2489 813 2899 897; x_wconf 81' lang='lat' dir='ltr'>intellegeS,</span> 
     </span>
     <span class='ocr_line' id='line_1_6' title="bbox 545 916 2721 1015; baseline 0.001 -31"><span class='ocrx_word' id='word_1_29' title='bbox 545 919 676 1015; x_wconf 27' lang='lat' dir='ltr'>ubi·</span> <span class='ocrx_word' id='word_1_30' title='bbox 708 919 1102 1006; x_wconf 78' lang='lat' dir='ltr'>inspexeris</span> <span class='ocrx_word' id='word_1_31' title='bbox 1150 922 1697 1005; x_wconf 88' lang='lat' dir='ltr'>epitomatorum</span> <span class='ocrx_word' id='word_1_32' title='bbox 1748 921 1960 987; x_wconf 86' lang='lat' dir='ltr'>verba</span> <span class='ocrx_word' id='word_1_33' title='bbox 2008 920 2104 1006; x_wconf 90' lang='lat' dir='ltr'>(p.</span> <span class='ocrx_word' id='word_1_34' title='bbox 2153 916 2284 983; x_wconf 84' lang='lat'>184</span> <span class='ocrx_word' id='word_1_35' title='bbox 2332 941 2430 1005; x_wconf 86' lang='lat' dir='ltr'>sq.</span> <span class='ocrx_word' id='word_1_36' title='bbox 2481 920 2721 999; x_wconf 89' lang='lat' dir='ltr'>Rob.):</span> 
     </span>
    </p>

    <p class='ocr_par' dir='ltr' id='par_1_3' title="bbox 536 1016 2898 1221">
     <span class='ocr_line' id='line_1_7' title="bbox 752 1016 2898 1113; baseline -0.002 -18"><span class='ocrx_word' id='word_1_37' title='bbox 752 1025 968 1111; x_wconf 66' lang='lat' dir='ltr'>Ep&#39;it.</span> <span class='ocrx_word' id='word_1_38' title='bbox 1020 1029 1195 1096; x_wconf 79' lang='lat' dir='ltr'>XL:</span> <span class='ocrx_word' id='word_1_39' title='bbox 1248 1023 1482 1113; x_wconf 77' lang='grc' dir='ltr'><em>χρόνον</em></span> <span class='ocrx_word' id='word_1_40' title='bbox 1539 1026 1614 1093; x_wconf 74' lang='grc' dir='ltr'>δὲ</span> <span class='ocrx_word' id='word_1_41' title='bbox 1662 1021 1887 1093; x_wconf 70' lang='grc' dir='ltr'><em>ἱκανὸν</em></span> <span class='ocrx_word' id='word_1_42' title='bbox 1935 1017 2341 1110; x_wconf 73' lang='grc' dir='ltr'><em>ὁμιλούντων</em></span> <span class='ocrx_word' id='word_1_43' title='bbox 2389 1016 2604 1091; x_wconf 62' lang='grc' dir='ltr'><em>αῧτῶν</em></span> <span class='ocrx_word' id='word_1_44' title='bbox 2650 1025 2720 1090; x_wconf 73' lang='grc' dir='ltr'>ἐκ</span> <span class='ocrx_word' id='word_1_45' title='bbox 2768 1031 2898 1113; x_wconf 70' lang='grc' dir='ltr'>τῆς</span> 
     </span>
     <span class='ocr_line' id='line_1_8' title="bbox 536 1122 1734 1221; baseline 0.002 -23"><span class='ocrx_word' id='word_1_46' title='bbox 536 1133 869 1221; x_wconf 72' lang='grc' dir='ltr'><strong><em>φαρέτρας</em></strong></span> <span class='ocrx_word' id='word_1_47' title='bbox 911 1122 1113 1198; x_wconf 73' lang='grc' dir='ltr'><em>αὗτοῖ·</em></span> <span class='ocrx_word' id='word_1_48' title='bbox 1159 1133 1355 1216; x_wconf 69' lang='grc' dir='ltr'><strong><em>βέλος</em></strong></span> <span class='ocrx_word' id='word_1_49' title='bbox 1400 1133 1734 1212; x_wconf 75' lang='grc' dir='ltr'><strong><em>ἐξέπεσεν.</em></strong></span> 
     </span>
    </p>

    <p class='ocr_par' dir='ltr' id='par_1_4' title="bbox 749 1238 1689 1307">
     <span class='ocr_line' id='line_1_9' title="bbox 749 1238 1689 1307; baseline -0.001 -1"><span class='ocrx_word' id='word_1_50' title='bbox 749 1238 1018 1306; x_wconf 86' lang='lat' dir='ltr'>Schol.</span> <span class='ocrx_word' id='word_1_51' title='bbox 1065 1241 1283 1305; x_wconf 88' lang='lat' dir='ltr'>Arat.</span> <span class='ocrx_word' id='word_1_52' title='bbox 1330 1239 1689 1307; x_wconf 88' lang='lat' dir='ltr'>omittunt.</span> 
     </span>
    </p>

    <p class='ocr_par' dir='ltr' id='par_1_5' title="bbox 523 1345 2898 1539">
     <span class='ocr_line' id='line_1_10' title="bbox 750 1345 2898 1431; baseline -0.002 -19"><span class='ocrx_word' id='word_1_53' title='bbox 750 1345 913 1412; x_wconf 88' lang='lat' dir='ltr'>Sch</span> <span class='ocrx_word' id='word_1_54' title='bbox 928 1347 1025 1412; x_wconf 88' lang='lat' dir='ltr'>ol.</span> <span class='ocrx_word' id='word_1_55' title='bbox 1076 1347 1344 1413; x_wconf 85' lang='lat' dir='ltr'>Germ.</span> <span class='ocrx_word' id='word_1_56' title='bbox 1398 1349 1538 1413; x_wconf 87' lang='lat' dir='ltr'>BP:</span> <span class='ocrx_word' id='word_1_57' title='bbox 1597 1348 1814 1411; x_wconf 75' lang='lat' dir='ltr'>Cuius</span> <span class='ocrx_word' id='word_1_58' title='bbox 1868 1347 2159 1431; x_wconf 74' lang='lat' dir='ltr'>hospitio</span> <span class='ocrx_word' id='word_1_59' title='bbox 2203 1347 2541 1411; x_wconf 68' lang='lat' dir='ltr'>Ilerczcles</span> <span class='ocrx_word' id='word_1_60' title='bbox 2590 1368 2754 1408; x_wconf 77' lang='lat' dir='ltr'>usus</span> <span class='ocrx_word' id='word_1_61' title='bbox 2802 1368 2898 1408; x_wconf 58' lang='lat' dir='ltr'>fx</span> 
     </span>
     <span class='ocr_line' id='line_1_11' title="bbox 523 1453 2585 1539; baseline 0 -23"><span class='ocrx_word' id='word_1_62' title='bbox 523 1455 855 1539; x_wconf 76' lang='lat' dir='ltr'>pharetra</span> <span class='ocrx_word' id='word_1_63' title='bbox 903 1454 1176 1539; x_wconf 81' lang='lat' dir='ltr'>delapsa</span> <span class='ocrx_word' id='word_1_64' title='bbox 1221 1455 1475 1538; x_wconf 71' lang='lat' dir='ltr'>sagitta</span> <span class='ocrx_word' id='word_1_65' title='bbox 1531 1455 1852 1517; x_wconf 71' lang='lat' dir='ltr'>Chironis</span> <span class='ocrx_word' id='word_1_66' title='bbox 1887 1454 2129 1538; x_wconf 77' lang='lat' dir='ltr'>pedem</span> <span class='ocrx_word' id='word_1_67' title='bbox 2176 1453 2585 1517; x_wconf 71' lang='lat' dir='ltr'>vulneravit.</span> 
     </span>
    </p>

    <p class='ocr_par' dir='ltr' id='par_1_6' title="bbox 537 1559 2898 1731">
     <span class='ocr_line' id='line_1_12' title="bbox 752 1559 2898 1645; baseline -0.002 -21"><span class='ocrx_word' id='word_1_68' title='bbox 752 1559 1171 1645; x_wconf 81' lang='lat' dir='ltr'>Hyginus:</span> <span class='ocrx_word' id='word_1_69' title='bbox 1236 1563 1493 1625; x_wconf 74' lang='lat' dir='ltr'>Fertur</span> <span class='ocrx_word' id='word_1_70' title='bbox 1549 1583 1689 1624; x_wconf 80' lang='lat' dir='ltr'>una</span> <span class='ocrx_word' id='word_1_71' title='bbox 1738 1583 1969 1625; x_wconf 79' lang='lat' dir='ltr'>earum</span> <span class='ocrx_word' id='word_1_72' title='bbox 2027 1559 2146 1645; x_wconf 88' lang='lat' dir='ltr'>(sc.</span> <span class='ocrx_word' id='word_1_73' title='bbox 2196 1559 2651 1644; x_wconf 81' lang='lat' dir='ltr'>sagittarum)</span> <span class='ocrx_word' id='word_1_74' title='bbox 2712 1559 2898 1621; x_wconf 72' lang='lat' dir='ltr'>deei-</span> 
     </span>
     <span class='ocr_line' id='line_1_13' title="bbox 537 1668 730 1731; baseline 0.005 -1"><span class='ocrx_word' id='word_1_75' title='bbox 537 1668 730 1731; x_wconf 79' lang='lat' dir='ltr'>disse.</span> 
     </span>
    </p>

    <p class='ocr_par' dir='ltr' id='par_1_7' title="bbox 535 1769 2895 1966">
     <span class='ocr_line' id='line_1_14' title="bbox 747 1769 2895 1860; baseline -0.001 -23"><span class='ocrx_word' id='word_1_76' title='bbox 747 1776 1054 1839; x_wconf 87' lang='lat' dir='ltr'>Aratus</span> <span class='ocrx_word' id='word_1_77' title='bbox 1113 1773 1467 1844; x_wconf 88' lang='lat' dir='ltr'>Latinus</span> <span class='ocrx_word' id='word_1_78' title='bbox 1527 1774 1824 1860; x_wconf 87' lang='lat' dir='ltr'>(Comm.</span> <span class='ocrx_word' id='word_1_79' title='bbox 1897 1774 1969 1838; x_wconf 89' lang='lat' dir='ltr'>iu</span> <span class='ocrx_word' id='word_1_80' title='bbox 2028 1775 2144 1839; x_wconf 91' lang='lat' dir='ltr'>Ar.</span> <span class='ocrx_word' id='word_1_81' title='bbox 2216 1795 2284 1858; x_wconf 91' lang='lat' dir='ltr'>p.</span> <span class='ocrx_word' id='word_1_82' title='bbox 2356 1769 2546 1857; x_wconf 77' lang='lat'>265):</span> <span class='ocrx_word' id='word_1_83' title='bbox 2619 1772 2895 1835; x_wconf 77' lang='lat' dir='ltr'>excidit</span> 
     </span>
     <span class='ocr_line' id='line_1_15' title="bbox 535 1882 2619 1966; baseline 0.001 -22"><span class='ocrx_word' id='word_1_84' title='bbox 535 1882 792 1965; x_wconf 74' lang='lat' dir='ltr'>sagitta</span> <span class='ocrx_word' id='word_1_85' title='bbox 837 1889 1045 1966; x_wconf 76' lang='lat' dir='ltr'>supra</span> <span class='ocrx_word' id='word_1_86' title='bbox 1081 1883 1256 1966; x_wconf 77' lang='lat' dir='ltr'>pede</span> <span class='ocrx_word' id='word_1_87' title='bbox 1311 1882 1647 1945; x_wconf 72' lang='lat' dir='ltr'>Chironis.</span> <span class='ocrx_word' id='word_1_88' title='bbox 2615 1913 2619 1915; x_wconf 16' lang='grc' dir='ltr'><strong><em>Δ</em></strong></span> 
     </span>
    </p>

    <p class='ocr_par' dir='ltr' id='par_1_8' title="bbox 533 1971 2895 3035">
     <span class='ocr_line' id='line_1_16' title="bbox 750 1971 2894 2073; baseline -0.001 -21"><span class='ocrx_word' id='word_1_89' title='bbox 750 1987 1234 2054; x_wconf 87' lang='lat' dir='ltr'>Catasterismi</span> <span class='ocrx_word' id='word_1_90' title='bbox 1305 1988 1527 2073; x_wconf 89' lang='lat' dir='ltr'>igitur</span> <span class='ocrx_word' id='word_1_91' title='bbox 1593 2011 1732 2054; x_wconf 91' lang='lat' dir='ltr'>non</span> <span class='ocrx_word' id='word_1_92' title='bbox 1799 1998 2213 2053; x_wconf 88' lang='lat' dir='ltr'>centaurum</span> <span class='ocrx_word' id='word_1_93' title='bbox 2276 1987 2728 2053; x_wconf 88' lang='lat' dir='ltr'>vulneratum</span> <span class='ocrx_word' id='word_1_94' title='bbox 2761 1971 2765 1974; x_wconf 50' lang='grc'><strong>’</strong></span> <span class='ocrx_word' id='word_1_95' title='bbox 2796 1986 2894 2050; x_wconf 89' lang='lat' dir='ltr'>ab</span> 
     </span>
     <span class='ocr_line' id='line_1_17' title="bbox 542 2092 2890 2180; baseline -0.001 -22"><span class='ocrx_word' id='word_1_96' title='bbox 542 2094 850 2159; x_wconf 88' lang='lat' dir='ltr'>Hercule</span> <span class='ocrx_word' id='word_1_97' title='bbox 907 2103 1222 2176; x_wconf 87' lang='lat' dir='ltr'>narrant,</span> <span class='ocrx_word' id='word_1_98' title='bbox 1281 2095 1405 2159; x_wconf 88' lang='lat' dir='ltr'>sed</span> <span class='ocrx_word' id='word_1_99' title='bbox 1453 2093 1611 2180; x_wconf 92' lang='lat' dir='ltr'>quis</span> <span class='ocrx_word' id='word_1_100' title='bbox 1659 2093 2142 2160; x_wconf 83' lang='lat' dir='ltr'>vulneraverit</span> <span class='ocrx_word' id='word_1_101' title='bbox 2188 2093 2477 2159; x_wconf 90' lang='lat' dir='ltr'>omnino</span> <span class='ocrx_word' id='word_1_102' title='bbox 2523 2092 2599 2157; x_wconf 90' lang='lat' dir='ltr'>in</span> <span class='ocrx_word' id='word_1_103' title='bbox 2647 2092 2890 2157; x_wconf 89' lang='lat' dir='ltr'>medio</span> 
     </span>
     <span class='ocr_line' id='line_1_18' title="bbox 534 2199 2889 2287; baseline -0.001 -22"><span class='ocrx_word' id='word_1_104' title='bbox 534 2199 968 2285; x_wconf 86' lang='lat' dir='ltr'>relinquunt.</span> <span class='ocrx_word' id='word_1_105' title='bbox 1061 2203 1314 2286; x_wconf 90' lang='lat' dir='ltr'>Itaque</span> <span class='ocrx_word' id='word_1_106' title='bbox 1349 2201 1536 2287; x_wconf 93' lang='lat' dir='ltr'>quod</span> <span class='ocrx_word' id='word_1_107' title='bbox 1568 2210 1778 2286; x_wconf 86' lang='lat' dir='ltr'>poeta</span> <span class='ocrx_word' id='word_1_108' title='bbox 1809 2200 1882 2266; x_wconf 88' lang='lat' dir='ltr'>in</span> <span class='ocrx_word' id='word_1_109' title='bbox 1920 2200 2297 2283; x_wconf 87' lang='lat' dir='ltr'>Chironem</span> <span class='ocrx_word' id='word_1_110' title='bbox 2331 2199 2565 2285; x_wconf 89' lang='lat' dir='ltr'>ipsum</span> <span class='ocrx_word' id='word_1_111' title='bbox 2603 2199 2889 2284; x_wconf 88' lang='lat' dir='ltr'>culpam</span> 
     </span>
     <span class='ocr_line' id='line_1_19' title="bbox 536 2305 2887 2393; baseline -0.001 -22"><span class='ocrx_word' id='word_1_112' title='bbox 536 2306 861 2389; x_wconf 84' lang='lat' dir='ltr'>contulit,</span> <span class='ocrx_word' id='word_1_113' title='bbox 926 2307 1286 2372; x_wconf 86' lang='lat' dir='ltr'>offendere</span> <span class='ocrx_word' id='word_1_114' title='bbox 1346 2329 1488 2372; x_wconf 88' lang='lat' dir='ltr'>uon</span> <span class='ocrx_word' id='word_1_115' title='bbox 1544 2316 1797 2393; x_wconf 84' lang='lat' dir='ltr'>potest.</span> <span class='ocrx_word' id='word_1_116' title='bbox 1893 2305 2166 2371; x_wconf 87' lang='lat' dir='ltr'>Tamen</span> <span class='ocrx_word' id='word_1_117' title='bbox 2227 2306 2366 2372; x_wconf 87' lang='lat' dir='ltr'>alio</span> <span class='ocrx_word' id='word_1_118' title='bbox 2424 2306 2618 2371; x_wconf 89' lang='lat' dir='ltr'>fonte</span> <span class='ocrx_word' id='word_1_119' title='bbox 2674 2326 2887 2370; x_wconf 90' lang='lat' dir='ltr'>usum</span> 
     </span>
     <span class='ocr_line' id='line_1_20' title="bbox 536 2411 2895 2501; baseline -0.001 -23"><span class='ocrx_word' id='word_1_120' title='bbox 536 2434 689 2479; x_wconf 88' lang='lat' dir='ltr'>esse</span> <span class='ocrx_word' id='word_1_121' title='bbox 757 2423 1040 2499; x_wconf 87' lang='lat' dir='ltr'>poetam</span> <span class='ocrx_word' id='word_1_122' title='bbox 1099 2414 1171 2479; x_wconf 88' lang='grc'>111</span> <span class='ocrx_word' id='word_1_123' title='bbox 1224 2414 1913 2501; x_wconf 78' lang='lat' dir='ltr'>Metamorphosibus</span> <span class='ocrx_word' id='word_1_124' title='bbox 1980 2413 2317 2500; x_wconf 90' lang='lat' dir='ltr'>suspicor.</span> <span class='ocrx_word' id='word_1_125' title='bbox 2412 2415 2479 2478; x_wconf 93' lang='lat' dir='ltr'>N</span> <span class='ocrx_word' id='word_1_126' title='bbox 2487 2433 2577 2477; x_wconf 90' lang='lat' dir='ltr'>on</span> <span class='ocrx_word' id='word_1_127' title='bbox 2637 2411 2895 2477; x_wconf 82' lang='lat' dir='ltr'>discre-</span> 
     </span>
     <span class='ocr_line' id='line_1_21' title="bbox 533 2519 2889 2608; baseline -0.002 -21"><span class='ocrx_word' id='word_1_128' title='bbox 533 2529 709 2606; x_wconf 83' lang='lat' dir='ltr'>pant</span> <span class='ocrx_word' id='word_1_129' title='bbox 766 2520 1051 2606; x_wconf 90' lang='lat' dir='ltr'>quidem</span> <span class='ocrx_word' id='word_1_130' title='bbox 1109 2521 1295 2587; x_wconf 89' lang='lat' dir='ltr'>inter</span> <span class='ocrx_word' id='word_1_131' title='bbox 1356 2543 1432 2587; x_wconf 92' lang='lat' dir='ltr'>se</span> <span class='ocrx_word' id='word_1_132' title='bbox 1477 2523 1758 2588; x_wconf 88' lang='lat' dir='ltr'>fabulae</span> <span class='ocrx_word' id='word_1_133' title='bbox 1807 2522 2175 2608; x_wconf 87' lang='lat' dir='ltr'>utriusque</span> <span class='ocrx_word' id='word_1_134' title='bbox 2222 2520 2407 2603; x_wconf 90' lang='lat' dir='ltr'>libri,</span> <span class='ocrx_word' id='word_1_135' title='bbox 2468 2541 2644 2599; x_wconf 35' lang='lat' dir='ltr'>‘nam</span> <span class='ocrx_word' id='word_1_136' title='bbox 2694 2528 2766 2584; x_wconf 92' lang='lat' dir='ltr'>et</span> <span class='ocrx_word' id='word_1_137' title='bbox 2811 2519 2889 2584; x_wconf 90' lang='lat' dir='ltr'>in</span> 
     </span>
     <span class='ocr_line' id='line_1_22' title="bbox 538 2627 2888 2714; baseline -0 -23"><span class='ocrx_word' id='word_1_138' title='bbox 538 2627 1228 2713; x_wconf 88' lang='lat' dir='ltr'>Metamorphosibus</span> <span class='ocrx_word' id='word_1_139' title='bbox 1298 2640 1368 2694; x_wconf 90' lang='lat' dir='ltr'>et</span> <span class='ocrx_word' id='word_1_140' title='bbox 1436 2629 1509 2693; x_wconf 91' lang='lat' dir='ltr'>in</span> <span class='ocrx_word' id='word_1_141' title='bbox 1570 2629 1803 2695; x_wconf 87' lang='lat' dir='ltr'>Fastis</span> <span class='ocrx_word' id='word_1_142' title='bbox 1858 2629 2358 2714; x_wconf 90' lang='lat' dir='ltr'>Aesculapium</span> <span class='ocrx_word' id='word_1_143' title='bbox 2421 2627 2544 2692; x_wconf 90' lang='lat' dir='ltr'>uni</span> <span class='ocrx_word' id='word_1_144' title='bbox 2603 2636 2888 2692; x_wconf 87' lang='lat' dir='ltr'>tantum</span> 
     </span>
     <span class='ocr_line' id='line_1_23' title="bbox 533 2733 2888 2821; baseline -0 -23"><span class='ocrx_word' id='word_1_145' title='bbox 533 2734 807 2799; x_wconf 89' lang='lat' dir='ltr'>homini</span> <span class='ocrx_word' id='word_1_146' title='bbox 872 2733 1094 2800; x_wconf 88' lang='lat' dir='ltr'>vitam</span> <span class='ocrx_word' id='word_1_147' title='bbox 1162 2735 1550 2801; x_wconf 88' lang='lat' dir='ltr'>reddidisse</span> <span class='ocrx_word' id='word_1_148' title='bbox 1616 2746 1856 2802; x_wconf 88' lang='lat' dir='ltr'>narrat</span> <span class='ocrx_word' id='word_1_149' title='bbox 1919 2746 2157 2821; x_wconf 89' lang='lat' dir='ltr'>poeta,</span> <span class='ocrx_word' id='word_1_150' title='bbox 2224 2747 2305 2801; x_wconf 92' lang='lat' dir='ltr'>ut</span> <span class='ocrx_word' id='word_1_151' title='bbox 2373 2735 2549 2799; x_wconf 90' lang='lat' dir='ltr'>mihi</span> <span class='ocrx_word' id='word_1_152' title='bbox 2599 2733 2888 2820; x_wconf 88' lang='lat' dir='ltr'>quidem</span> 
     </span>
     <span class='ocr_line' id='line_1_24' title="bbox 536 2840 2889 2924; baseline -0.001 -17"><span class='ocrx_word' id='word_1_153' title='bbox 536 2841 837 2908; x_wconf 90' lang='lat' dir='ltr'>videtur.</span> <span class='ocrx_word' id='word_1_154' title='bbox 933 2841 1071 2907; x_wconf 91' lang='lat' dir='ltr'>Alii</span> <span class='ocrx_word' id='word_1_155' title='bbox 1121 2842 1325 2908; x_wconf 89' lang='lat' dir='ltr'>aliter</span> <span class='ocrx_word' id='word_1_156' title='bbox 1373 2854 1686 2924; x_wconf 89' lang='lat' dir='ltr'>censent;</span> <span class='ocrx_word' id='word_1_157' title='bbox 1738 2842 2170 2908; x_wconf 87' lang='lat' dir='ltr'>dissentiunt</span> <span class='ocrx_word' id='word_1_158' title='bbox 2202 2842 2388 2907; x_wconf 89' lang='lat' dir='ltr'>euim</span> <span class='ocrx_word' id='word_1_159' title='bbox 2422 2841 2607 2906; x_wconf 89' lang='lat' dir='ltr'>inter</span> <span class='ocrx_word' id='word_1_160' title='bbox 2638 2862 2712 2905; x_wconf 92' lang='lat' dir='ltr'>se</span> <span class='ocrx_word' id='word_1_161' title='bbox 2748 2840 2889 2905; x_wconf 90' lang='lat' dir='ltr'>viri</span> 
     </span>
     <span class='ocr_line' id='line_1_25' title="bbox 535 2945 2098 3035; baseline 0.002 -23"><span class='ocrx_word' id='word_1_162' title='bbox 535 2948 721 3013; x_wconf 91' lang='lat' dir='ltr'>docti</span> <span class='ocrx_word' id='word_1_163' title='bbox 770 2959 1057 3034; x_wconf 88' lang='lat' dir='ltr'>propter</span> <span class='ocrx_word' id='word_1_164' title='bbox 1105 2970 1352 3015; x_wconf 88' lang='lat' dir='ltr'>versus</span> <span class='ocrx_word' id='word_1_165' title='bbox 1402 2949 1590 3015; x_wconf 86' lang='lat' dir='ltr'>Fast.</span> <span class='ocrx_word' id='word_1_166' title='bbox 1642 2952 1741 3015; x_wconf 94' lang='lat' dir='ltr'>VI</span> <span class='ocrx_word' id='word_1_167' title='bbox 1792 2945 1923 3013; x_wconf 83' lang='lat'>750</span> <span class='ocrx_word' id='word_1_168' title='bbox 1969 2972 2098 3035; x_wconf 85' lang='lat' dir='ltr'>sq.:</span> 
     </span>
    </p>

    <p class='ocr_par' dir='ltr' id='par_1_9' title="bbox 857 3055 2893 3355">
     <span class='ocr_line' id='line_1_26' title="bbox 948 3055 2457 3141; baseline 0 -22"><span class='ocrx_word' id='word_1_169' title='bbox 948 3056 1364 3121; x_wconf 89' lang='lat' dir='ltr'>Profueraut</span> <span class='ocrx_word' id='word_1_170' title='bbox 1411 3056 1667 3122; x_wconf 87' lang='lat' dir='ltr'>Glauci</span> <span class='ocrx_word' id='word_1_171' title='bbox 1716 3055 2046 3121; x_wconf 89' lang='lat' dir='ltr'>manibus</span> <span class='ocrx_word' id='word_1_172' title='bbox 2094 3055 2216 3121; x_wconf 88' lang='lat' dir='ltr'>illa</span> <span class='ocrx_word' id='word_1_173' title='bbox 2262 3055 2457 3141; x_wconf 87' lang='lat' dir='ltr'>prius</span> 
     </span>
     <span class='ocr_line' id='line_1_27' title="bbox 857 3160 2893 3248; baseline -0.001 -22"><span class='ocrx_word' id='word_1_174' title='bbox 857 3161 1063 3227; x_wconf 88' lang='lat' dir='ltr'>Tunc</span> <span class='ocrx_word' id='word_1_175' title='bbox 1119 3184 1281 3228; x_wconf 91' lang='lat' dir='ltr'>cum</span> <span class='ocrx_word' id='word_1_176' title='bbox 1339 3164 1749 3230; x_wconf 87' lang='lat' dir='ltr'>observatas</span> <span class='ocrx_word' id='word_1_177' title='bbox 1810 3184 2042 3248; x_wconf 87' lang='lat' dir='ltr'>augur</span> <span class='ocrx_word' id='word_1_178' title='bbox 2098 3162 2463 3228; x_wconf 88' lang='lat' dir='ltr'>descendit</span> <span class='ocrx_word' id='word_1_179' title='bbox 2508 3161 2579 3225; x_wconf 91' lang='lat' dir='ltr'>in</span> <span class='ocrx_word' id='word_1_180' title='bbox 2630 3160 2893 3225; x_wconf 87' lang='lat' dir='ltr'>herbas</span> 
     </span>
     <span class='ocr_line' id='line_1_28' title="bbox 952 3268 2771 3355; baseline -0.002 -19"><span class='ocrx_word' id='word_1_181' title='bbox 952 3272 1144 3336; x_wconf 90' lang='lat' dir='ltr'>Usus</span> <span class='ocrx_word' id='word_1_182' title='bbox 1193 3279 1266 3336; x_wconf 93' lang='lat' dir='ltr'>et</span> <span class='ocrx_word' id='word_1_183' title='bbox 1313 3269 1580 3335; x_wconf 87' lang='lat' dir='ltr'>auxilio</span> <span class='ocrx_word' id='word_1_184' title='bbox 1628 3281 1736 3336; x_wconf 90' lang='lat' dir='ltr'>est</span> <span class='ocrx_word' id='word_1_185' title='bbox 1783 3269 2041 3355; x_wconf 87' lang='lat' dir='ltr'>anguis</span> <span class='ocrx_word' id='word_1_186' title='bbox 2089 3270 2176 3334; x_wconf 94' lang='lat' dir='ltr'>ab</span> <span class='ocrx_word' id='word_1_187' title='bbox 2225 3290 2465 3354; x_wconf 88' lang='lat' dir='ltr'>angue</span> <span class='ocrx_word' id='word_1_188' title='bbox 2510 3268 2697 3333; x_wconf 80' lang='lat' dir='ltr'>dato,</span> <span class='ocrx_word' id='word_1_189' title='bbox 2716 3272 2771 3348; x_wconf 84' lang='grc'>8)</span> 
     </span>
    </p>

    <p class='ocr_par' dir='ltr' id='par_1_10' title="bbox 535 3376 2947 4102">
     <span class='ocr_line' id='line_1_29' title="bbox 755 3376 2888 3462; baseline -0 -21"><span class='ocrx_word' id='word_1_190' title='bbox 755 3376 895 3458; x_wconf 76' lang='lat' dir='ltr'>Qui</span> <span class='ocrx_word' id='word_1_191' title='bbox 953 3398 1202 3442; x_wconf 88' lang='lat' dir='ltr'>versus</span> <span class='ocrx_word' id='word_1_192' title='bbox 1259 3378 1615 3462; x_wconf 90' lang='lat' dir='ltr'>quomodo</span> <span class='ocrx_word' id='word_1_193' title='bbox 1671 3377 1818 3442; x_wconf 89' lang='lat' dir='ltr'>sint</span> <span class='ocrx_word' id='word_1_194' title='bbox 1872 3376 2302 3457; x_wconf 83' lang='lat' dir='ltr'>declarandi,</span> <span class='ocrx_word' id='word_1_195' title='bbox 2358 3376 2704 3441; x_wconf 88' lang='lat' dir='ltr'>incertum</span> <span class='ocrx_word' id='word_1_196' title='bbox 2760 3386 2888 3440; x_wconf 89' lang='lat' dir='ltr'>est.</span> 
     </span>
     <span class='ocr_line' id='line_1_30' title="bbox 536 3480 2892 3570; baseline -0.001 -23"><span class='ocrx_word' id='word_1_197' title='bbox 536 3483 882 3548; x_wconf 89' lang='lat' dir='ltr'>Nonnulli</span> <span class='ocrx_word' id='word_1_198' title='bbox 930 3505 1214 3551; x_wconf 88' lang='lat' dir='ltr'>versum</span> <span class='ocrx_word' id='word_1_199' title='bbox 1264 3480 1389 3548; x_wconf 88' lang='lat'>751</span> <span class='ocrx_word' id='word_1_200' title='bbox 1443 3494 1514 3549; x_wconf 90' lang='lat' dir='ltr'>et</span> <span class='ocrx_word' id='word_1_201' title='bbox 1560 3493 1973 3570; x_wconf 88' lang='lat' dir='ltr'>sequentem</span> <span class='ocrx_word' id='word_1_202' title='bbox 2021 3483 2372 3548; x_wconf 90' lang='lat' dir='ltr'>eiciendos</span> <span class='ocrx_word' id='word_1_203' title='bbox 2428 3502 2579 3547; x_wconf 90' lang='lat' dir='ltr'>esse</span> <span class='ocrx_word' id='word_1_204' title='bbox 2610 3490 2892 3570; x_wconf 82' lang='lat' dir='ltr'>putant,</span> 
     </span>
     <span class='ocr_line' id='line_1_31' title="bbox 536 3589 2891 3675; baseline -0 -21"><span class='ocrx_word' id='word_1_205' title='bbox 536 3589 749 3675; x_wconf 89' lang='lat' dir='ltr'>quod,</span> <span class='ocrx_word' id='word_1_206' title='bbox 809 3599 891 3656; x_wconf 88' lang='lat' dir='ltr'>ut</span> <span class='ocrx_word' id='word_1_207' title='bbox 938 3590 1285 3656; x_wconf 90' lang='lat' dir='ltr'>Rehmius</span> <span class='ocrx_word' id='word_1_208' title='bbox 1333 3590 1530 3672; x_wconf 89' lang='lat' dir='ltr'>dicit,</span> <span class='ocrx_word' id='word_1_209' title='bbox 1591 3590 1928 3658; x_wconf 89' lang='lat' dir='ltr'>Ovidium</span> <span class='ocrx_word' id='word_1_210' title='bbox 1983 3589 2254 3673; x_wconf 90' lang='lat' dir='ltr'>Polyidi</span> <span class='ocrx_word' id='word_1_211' title='bbox 2302 3589 2643 3670; x_wconf 90' lang='lat' dir='ltr'>fabulam,</span> <span class='ocrx_word' id='word_1_212' title='bbox 2703 3608 2891 3673; x_wconf 85' lang='lat' dir='ltr'>quae</span> 
     </span>
     <span class='ocr_line' id='line_1_32' title="bbox 535 3693 2892 3782; baseline -0.001 -22"><span class='ocrx_word' id='word_1_213' title='bbox 535 3696 646 3761; x_wconf 89' lang='lat' dir='ltr'>his</span> <span class='ocrx_word' id='word_1_214' title='bbox 704 3695 1026 3762; x_wconf 88' lang='lat' dir='ltr'>versibus</span> <span class='ocrx_word' id='word_1_215' title='bbox 1085 3696 1493 3782; x_wconf 86' lang='lat' dir='ltr'>attingitur,</span> <span class='ocrx_word' id='word_1_216' title='bbox 1550 3696 1971 3782; x_wconf 87' lang='lat' dir='ltr'>cognovisse</span> <span class='ocrx_word' id='word_1_217' title='bbox 2020 3696 2175 3762; x_wconf 88' lang='lat' dir='ltr'>aliis</span> <span class='ocrx_word' id='word_1_218' title='bbox 2224 3695 2396 3761; x_wconf 91' lang='lat' dir='ltr'>locis</span> <span class='ocrx_word' id='word_1_219' title='bbox 2444 3716 2588 3771; x_wconf 83' lang='lat' dir='ltr'>non</span> <span class='ocrx_word' id='word_1_220' title='bbox 2639 3693 2892 3759; x_wconf 84' lang='lat' dir='ltr'>confir-</span> 
     </span>
     <span class='ocr_line' id='line_1_33' title="bbox 536 3801 2890 3886; baseline -0.001 -19"><span class='ocrx_word' id='word_1_221' title='bbox 536 3812 790 3870; x_wconf 90' lang='lat' dir='ltr'>matur.</span> <span class='ocrx_word' id='word_1_222' title='bbox 888 3804 1118 3886; x_wconf 75' lang='lat' dir='ltr'>Quae,</span> <span class='ocrx_word' id='word_1_223' title='bbox 1174 3813 1257 3869; x_wconf 89' lang='lat' dir='ltr'>ut</span> <span class='ocrx_word' id='word_1_224' title='bbox 1303 3804 1750 3869; x_wconf 89' lang='lat' dir='ltr'>secludamus</span> <span class='ocrx_word' id='word_1_225' title='bbox 1797 3802 1928 3868; x_wconf 89' lang='lat' dir='ltr'>hos</span> <span class='ocrx_word' id='word_1_226' title='bbox 1976 3824 2249 3885; x_wconf 77' lang='lat' dir='ltr'>verSUS,</span> <span class='ocrx_word' id='word_1_227' title='bbox 2299 3801 2623 3867; x_wconf 79' lang='lat' dir='ltr'>sufficere</span> <span class='ocrx_word' id='word_1_228' title='bbox 2672 3820 2890 3885; x_wconf 80' lang='lat' dir='ltr'>neg03</span> 
     </span>
     <span class='ocr_line' id='line_1_34' title="bbox 537 3906 2891 3992; baseline 0 -19"><span class='ocrx_word' id='word_1_229' title='bbox 537 3931 702 3974; x_wconf 89' lang='lat' dir='ltr'>nam</span> <span class='ocrx_word' id='word_1_230' title='bbox 738 3908 953 3975; x_wconf 89' lang='lat' dir='ltr'>etiam</span> <span class='ocrx_word' id='word_1_231' title='bbox 988 3909 1143 3975; x_wconf 87' lang='lat' dir='ltr'>aliis</span> <span class='ocrx_word' id='word_1_232' title='bbox 1177 3909 1347 3975; x_wconf 90' lang='lat' dir='ltr'>locis</span> <span class='ocrx_word' id='word_1_233' title='bbox 1382 3909 1685 3976; x_wconf 87' lang='lat' dir='ltr'>Ovidius</span> <span class='ocrx_word' id='word_1_234' title='bbox 1718 3909 2026 3976; x_wconf 90' lang='lat' dir='ltr'>breviter</span> <span class='ocrx_word' id='word_1_235' title='bbox 2060 3916 2562 3992; x_wconf 88' lang='lat' dir='ltr'>commemorat</span> <span class='ocrx_word' id='word_1_236' title='bbox 2593 3906 2891 3990; x_wconf 78' lang='lat' dir='ltr'>fabulaS,</span> 
     </span>
     <span class='ocr_line' id='line_1_35' title="bbox 537 4013 2887 4102; baseline -0.001 -22"><span class='ocrx_word' id='word_1_237' title='bbox 537 4037 712 4101; x_wconf 89' lang='lat' dir='ltr'>quas</span> <span class='ocrx_word' id='word_1_238' title='bbox 784 4037 915 4092; x_wconf 86' lang='lat' dir='ltr'>nec</span> <span class='ocrx_word' id='word_1_239' title='bbox 982 4015 1174 4101; x_wconf 88' lang='lat' dir='ltr'>ipsas</span> <span class='ocrx_word' id='word_1_240' title='bbox 1245 4037 1545 4102; x_wconf 90' lang='lat' dir='ltr'>usquam</span> <span class='ocrx_word' id='word_1_241' title='bbox 1615 4016 1783 4084; x_wconf 90' lang='lat' dir='ltr'>alibi</span> <span class='ocrx_word' id='word_1_242' title='bbox 1855 4015 2266 4102; x_wconf 83' lang='lat' dir='ltr'>explicavit3</span> <span class='ocrx_word' id='word_1_243' title='bbox 2333 4024 2416 4082; x_wconf 88' lang='lat' dir='ltr'>ut</span> <span class='ocrx_word' id='word_1_244' title='bbox 2481 4013 2887 4099; x_wconf 86' lang='lat' dir='ltr'>exemplum</span> 
     </span>
    </p>
   </div>
   <div class='ocr_carea' id='block_1_3' title="bbox 536 4159 966 4170">
    <p class='ocr_par' dir='ltr' id='par_1_11' title="bbox 536 4159 966 4170">
     <span class='ocr_line' id='line_1_36' title="bbox 536 4159 966 4170; baseline 0 701"><span class='ocrx_word' id='word_1_245' title='bbox 536 4159 966 4170; x_wconf 95' lang='lat' dir='ltr'> </span> 
     </span>
    </p>
   </div>
   <div class='ocr_carea' id='block_1_4' title="bbox 755 4234 1537 4309">
    <p class='ocr_par' dir='ltr' id='par_1_12' title="bbox 755 4234 1537 4309">
     <span class='ocr_line' id='line_1_37' title="bbox 755 4234 1537 4309; baseline -0.003 -18"><span class='ocrx_word' id='word_1_246' title='bbox 755 4234 804 4309; x_wconf 84' lang='lat'>8)</span> <span class='ocrx_word' id='word_1_247' title='bbox 855 4236 938 4292; x_wconf 86' lang='lat' dir='ltr'>ita</span> <span class='ocrx_word' id='word_1_248' title='bbox 985 4235 1226 4292; x_wconf 87' lang='lat' dir='ltr'>tradunt</span> <span class='ocrx_word' id='word_1_249' title='bbox 1273 4234 1537 4291; x_wconf 78' lang='lat' dir='ltr'>codiceS.</span> 
     </span>
    </p>
   </div>
  </div>
 </body>
</html>
