3123 4871
1477 160 1918 227 —14—

846 377 1104 446 Lassa
1171 374 1420 443 iacet:
1491 375 1784 462 primis
1854 385 2191 461 segetes
2263 374 2737 442 moriuntur
2783 374 2881 439 in

2140 481 2443 549 herbis,

742 590 952 654 Hanc
995 589 1659 675 Metamorphoseon
1710 587 2249 675 descriptionem
2301 609 2462 655 cum
2498 588 2881 653 Fastorum

521 695 759 761 verbis
793 695 1194 782 discrepare
1226 717 1434 761 nemo
1466 717 1609 761 non
1637 694 2027 781 intelleget.
2079 698 2448 761 Praeterea
2480 697 2884 760 Krassows-

518 801 725 868 kium
776 801 1031 887 effugit
1064 801 1583 889 Triptolemum
1636 801 1853 867 alium
1898 801 2213 867 laborem
2261 800 2497 867 subire
2529 800 2601 865 iu
2637 800 2879 865 Fastis

526 909 745 975 alium
794 908 868 973 in
918 908 1630 995 Metamorphosibus.
1734 910 1922 975 Nam
1970 908 2045 973 in
2095 907 2328 975 Fastis
2376 907 2684 993 legimus
2732 906 2871 992 (IV

518 1013 657 1081 559
705 1014 864 1102 sq.):
2418 1040 2422 1045 ·

849 1124 993 1189 Iste
1049 1121 1329 1209 quidem
1388 1123 1710 1189 mortalis
1759 1122 1891 1188 erit
1938 1133 2010 1189 et
2054 1121 2377 1209 primus
2426 1120 2700 1188 arabit
2746 1130 2883 1187 etc.

741 1231 836 1296 At
881 1229 953 1294 in
1006 1228 1697 1315 Metamorphosibus
1745 1239 1985 1295 narrat
2029 1239 2238 1316 poeta
2286 1230 2378 1312 (V
2425 1225 2555 1294 645
2602 1230 2754 1314 sq.):

849 1337 1084 1423 Atque
1132 1336 1362 1403 levem
1412 1357 1693 1403 currum
1743 1335 2115 1402 Tritonida
2161 1335 2359 1402 misit
2402 1334 2476 1400 in
2526 1334 2771 1401 urbem

846 1442 1315 1529 TriptolemO,
1372 1442 1852 1530 partimque
1897 1443 2090 1508 rudi
2138 1443 2303 1510 data
2352 1441 2621 1507 semina
2669 1440 2888 1506 iussit

846 1550 1201 1636 Spargere
1271 1550 1519 1632 humo,
1590 1550 1891 1637 partim
1958 1561 2148 1636 post
2196 1559 2569 1636 tempora
2615 1548 2884 1633 longa

779 1706 783 1710 »
2055 1658 2447 1723 recultae.

674 1812 677 1815 ι
743 1762 981 1831 Etiam
1046 1762 1158 1829 his
1227 1763 1460 1829 verbis
1509 1763 1849 1830 Ovidium
1918 1763 2052 1829 sibi
2098 1763 2234 1850 ipsi
2280 1783 2681 1849 repugnare
2728 1783 2885 1848 per·

520 1869 854 1957 spicuum
902 1880 1027 1938 est.
1124 1870 1261 1937 Sed
1311 1892 1450 1956 quo
1497 1870 1568 1935 in
1622 1869 1800 1936 libro
1848 1871 2154 1938 auctoris
2188 1869 2494 1955 vestigia
2526 1867 2882 1955 presserit,

530 1997 723 2043 nunc
768 1976 1316 2063 perquirendum
1365 1976 1515 2043 erit.
1613 1979 1698 2042 In
1732 1976 1965 2043 Fastis
1998 1976 2514 2064 Triptolemum
2566 1975 2878 2062 primum

522 2106 571 2149 a
601 2084 734 2149 dea
767 2083 1242 2169 agriculturae
1274 2084 1538 2150 donum
1574 2082 1927 2170 accepisse
1961 2092 2285 2150 narratur
2307 2082 2381 2148 in
2408 2081 2882 2169 explicatione

522 2210 845 2257 errorum
916 2190 1213 2271 Cereris,
1276 2212 1458 2277 quae
1521 2191 1714 2276 apud
1762 2191 2048 2257 Celeum
2099 2202 2452 2277 pastorem
2501 2190 2879 2257 devertens

533 2295 1050 2383 Triptolemum
1102 2307 1532 2381 muneratur,
1582 2307 1661 2364 ut
1708 2297 2013 2384 gratiam
2061 2298 2349 2363 referret
2391 2318 2519 2383 pro
2550 2295 2880 2382 hospitio,

526 2413 908 2492 postquam
971 2414 1179 2471 antea
1244 2427 1286 2472 a
1349 2415 1574 2473 matre
1636 2406 1896 2473 >stulte
1958 2404 2115 2493 pia«
2185 2403 2545 2491 prohibita
2593 2414 2725 2488 est,
2787 2425 2880 2469 ne

527 2513 1003 2579 immortalem
1053 2534 1214 2579 eum
1265 2513 1605 2581 redderet.
1654 2537 1658 2541 ·
1702 2514 1990 2600 Optime
2021 2513 2196 2579 haec
2228 2512 2467 2578 omnia
2501 2512 2881 2579 cohaerent

527 2641 696 2685 cum
745 2619 1353 2700 antecedentibus,
1414 2641 1555 2706 qua
1602 2620 1690 2685 de
1738 2642 1952 2686 causa
2000 2629 2284 2707 poetam
2329 2619 2405 2683 in
2454 2618 2687 2686 Fastis
2734 2639 2877 2685 non

525 2725 818 2792 aliunde
862 2725 1245 2792 inseruisse
1290 2727 1605 2792 fabulam
1655 2726 2038 2793 verisimile
2086 2736 2209 2793 est.
2304 2725 2529 2792 Aliter
2558 2725 2633 2791 in
2666 2724 2880 2790 Meta-

531 2832 1055 2918 morphosibns,
1123 2832 1268 2898 ubi·
1316 2842 1527 2918 poeta
1596 2833 1749 2899 sine
1813 2833 2028 2899 dubio
2076 2855 2184 2916 ea,
2250 2854 2430 2919 quae
2479 2832 2879 2918 discrepant

527 2960 697 3005 cum
749 2939 1124 3005 Fastorum
1183 2938 1678 3026 descriptione,
1733 2940 2075 3024 narravit,
2136 2951 2218 3006 ut
2264 2961 2551 3005 causam
2598 2939 2878 3005 afferret

527 3045 620 3110 ad
684 3044 1158 3112 inducendam
1209 3047 1660 3129 Arethusam,
1728 3069 1941 3133 quam
2002 3069 2043 3112 a
2090 3046 2222 3113 dea
2267 3046 2603 3133 petivisse
2650 3045 2874 3128 finxit,

530 3174 623 3217 ne
682 3152 970 3238 longius
1036 3153 1387 3220 immerito
1449 3163 1748 3222 vexaret
1812 3155 2093 3220 terram.
2185 3153 2582 3219 Arethusae
2638 3163 2871 3219 autem

532 3258 844 3326 fabulam
935 3260 1219 3326 aliunde
1306 3261 1622 3329 additam
1702 3259 1882 3328 esse'
1930 3282 2143 3346 supra
2219 3259 2553 3342 vidimus3
2639 3259 2873 3346 itaque

532 3365 1130 3432 verisimillimum
1202 3389 1353 3433 esse
1424 3378 1717 3455 apparet
1787 3367 2000 3433 etiam
2072 3367 2248 3432 haec
2312 3367 2399 3432 de
2447 3366 2872 3452 agricultura

530 3472 752 3539 verba
827 3472 899 3538 in
982 3473 1670 3560 Metamorphosibus
1749 3474 2035 3541 aliunde
2113 3472 2501 3560 sumpsisse
2576 3484 2870 3560 poetam,

535 3579 727 3667 quo‘d
779 3581 967 3665 apud
1016 3580 1381 3663 Ovidium,
1430 3602 1639 3667 quem
1689 3590 1889 3648 tanta
1934 3581 2261 3647 libertate
2308 3580 2675 3646 materiam
2724 3602 2872 3646 con-

529 3687 695 3754 silio
728 3708 858 3753 suo
892 3696 1170 3773 aptasse
1203 3697 1497 3770 constat,
1531 3709 1675 3753 non
1711 3699 1818 3754 est
1850 3687 2190 3753 mirabile.
2286 3690 2396 3754 Ita
2429 3687 2572 3753 iam
2605 3689 2869 3754 duobus

538 3793 1204 3879 Metamorphoseon
1275 3794 1447 3860 locis
1517 3795 1785 3861 fontem
1858 3816 2021 3860 eum
2090 3803 2404 3861 mutasse
2459 3794 2869 3877 invenimus,

531 3923 698 3967 cum
769 3900 844 3966 in
896 3898 1129 3966 Fastis
1200 3922 1362 3966 eum
1433 3900 1621 3968 idem
1669 3900 1917 3967 fecisse
1966 3901 2238 3968 nullum
2286 3900 2626 3967 indicium
2674 3902 2866 3969 adsit.

533 4009 774 4092 Quam
836 4006 925 4074 ob
989 4027 1168 4089 rem,
1238 4006 1569 4093 quoniam
1620 4017 1903 4094 raptum
1952 4017 2022 4074 et
2068 4007 2371 4075 reditum
2423 4008 2870 4095 Proserpinae

536 4123 958 4183 tractantem
1030 4115 1391 4179 Nasonem
1469 4113 1542 4179 in
1622 4124 1921 4202 utroque
1989 4099 2169 4181 libro
2240 4115 2542 4184 eundem
2612 4116 2867 4183 fontem
