3123 4871
1237 178 1670 244 ..15-

279 405 610 462 secutum
681 417 833 461 esse
902 393 1580 475 demonstravimuS,
1650 393 1841 458 hunc
1909 393 2178 459 fontem
2249 393 2324 458 in
2398 391 2630 459 Fastis

285 503 514 569 multo
545 501 1130 589 incorruptiorem
1166 499 1370 566 nobis
1403 507 1764 565 servatum
1802 521 1955 565 esse
1988 490 2128 565 iam
2162 509 2271 566 est
2303 498 2629 586 suspicio

282 612 490 694 Quae
538 617 860 695 augetur,
907 607 1029 674 ubi
1076 600 1360 694 poetam
1407 606 1484 672 in
1520 606 2207 693 Metamorphosibus
2249 607 2363 673 vel
2395 605 2633 692 ipsum

278 716 628 782 nonnulla
674 714 968 780 finxisse
1016 713 1536 780 consideratum
1587 712 1737 780 erit.

503 824 690 888 Nam
764 820 1071 909 primum
1141 820 1678 887 memorandum
1750 819 1925 885 mihi
1997 819 2279 887 videtur
2348 829 2631 906 poetam

287 930 363 995 in
413 927 1105 1014 Metamorphosibus
1151 927 1528 994 nonnullas
1577 947 1687 991 res
1735 947 2043 1009 narrare,
2092 948 2285 1013 quas,
2334 946 2632 1012 quorum

286 1035 495 1102 nobis
528 1034 788 1104 servati
822 1043 990 1101 sunt
1019 1033 1198 1118 libri,
1230 1055 1440 1100 nemo
1473 1043 1686 1100 antea
1721 1033 2069 1117 tractavit,
2102 1032 2205 1099 ita
2237 1043 2318 1100 ut
2348 1041 2633 1120 poetam

282 1141 521 1228 ipsum
594 1141 724 1207 has
774 1141 863 1207 ad
913 1141 1392 1208 exornandam
1439 1139 1915 1207 narrationem
1987 1140 2343 1207 invenisse
2400 1139 2636 1206 verisi-

282 1248 665 1314 millimum
722 1248 834 1315 sit.
928 1246 1144 1313 Initio
1192 1246 1682 1334 explicationis
1729 1245 1908 1326 (Met.
1955 1247 2021 1314 V
2068 1243 2199 1311 346
2246 1246 2422 1334 sqq.)
2470 1268 2637 1333 quo·

286 1355 500 1422 modo
531 1357 776 1423 Venus
823 1354 1022 1437 irata,
1070 1354 1257 1441 quod
1305 1353 1694 1420 nonnullae
1740 1353 1914 1419 deae
1959 1352 2189 1440 ipsam
2222 1353 2633 1440 spreverint,

285 1461 715 1549 Cupidinem
763 1459 1167 1527 incitaverit
1211 1474 1555 1543 narratur,
1600 1471 1681 1527 ut
1716 1460 2085 1526 Plutonem
2121 1460 2386 1546 sagitta
2419 1460 2635 1526 missa

292 1568 380 1633 ad
463 1567 918 1654 Proserpinae
995 1588 1306 1633 amorem
1383 1566 1882 1636 inflammaret.
1973 1567 2181 1654 Apud
2259 1567 2634 1650 neminem,

284 1675 363 1740 ni
428 1675 656 1758 fallor,
722 1684 886 1741 ante
935 1672 1276 1741 Ovidium
1327 1673 1674 1740 eiusmodi
1721 1674 2031 1740 fabulam
2080 1673 2514 1758 invenimns;
2565 1683 2636 1741 et

289 1781 425 1849 hoc
479 1783 634 1849 loco
690 1781 1021 1848 facillime
1078 1780 1418 1867 suspicari
1475 1802 1881 1867 possumus,
1953 1780 2290 1866 quidnam
2347 1791 2633 1867 poetam

291 1887 620 1971 moverit,
693 1897 774 1954 ut
839 1887 1017 1953 haec
1086 1886 1470 1954 simularet.
1569 1890 1785 1954 Poeta
1855 1886 2044 1953 enim
2096 1890 2336 1954 Musas
2408 1897 2632 1956 totam

289 1995 601 2061 fabulam
674 1995 761 2060 de
825 2003 1034 2080 raptu
1107 1994 1563 2082 Proserpinae
1631 1994 1706 2059 in
1778 1994 2163 2061 certamine
2232 2016 2394 2061 cum
2454 1995 2636 2062 Pieri

288 2100 574 2168 filiabus
607 2101 1041 2167 celebrantes
1065 2100 1312 2168 reddit.
1362 2102 1566 2184 Quae
1595 2100 1773 2167 Pieri
1801 2100 1991 2167 filiae
2015 2101 2184 2167 deos
2207 2101 2633 2189 Typhoeum

282 2207 562 2293 fugisse
610 2206 1014 2273 cecinerunt
1060 2207 1261 2291 (Met.
1294 2209 1359 2275 V
1404 2204 1537 2273 318
1584 2210 1774 2294 sqq.),
1823 2217 1893 2273 et
1939 2207 2039 2275 ita
2075 2209 2323 2275 Musae
2370 2210 2635 2297 optime

283 2315 642 2401 incipiunt
687 2325 1053 2382 narrantes
1101 2315 1269 2383 deos
1300 2313 1726 2401 Typhoeum
1775 2337 1917 2381 non
1958 2315 2250 2401 fugisse,
2280 2317 2404 2383 sed
2437 2318 2640 2404 puni-

290 2423 478 2490 visse
525 2423 755 2489 Aetna
824 2432 1067 2489 monte
1135 2421 1484 2510 impositO,
1542 2432 1615 2489 et
1659 2445 2027 2509 resurgere
2076 2435 2452 2491 conantem
2500 2424 2637 2510 Ty-

282 2531 598 2617 phoeum
632 2530 914 2616 saepius
947 2539 1206 2596 terram
1238 2529 1699 2597 vehementer
1731 2541 2113 2616 percutere.
2166 2534 2366 2598 Haec
2397 2533 2635 2600 fabula

284 2636 444 2702 sine
488 2635 704 2703 dubio
753 2646 1035 2723 poetam
1085 2636 1487 2719 commovit,
1534 2646 1618 2702 ut
1661 2637 1846 2703 hanc
1893 2637 2438 2724 explicationem
2472 2661 2633 2706 cum

290 2742 692 2810 narratione
769 2742 857 2809 de
938 2743 1391 2830 Proserpinae
1467 2754 1674 2831 raptu
1747 2744 2188 2829 coniungens
2260 2746 2631 2813 Plutonem

285 2849 786 2916 escendentem
854 2859 927 2916 et
971 2850 1075 2916 ita
1122 2874 1164 2916 a
1211 2849 1558 2937 Cupidine
1607 2852 2058 2918 vulneratum
2106 2851 2259 2938 ipse
2306 2852 2631 2938 fingeret.

504 2956 845 3023 Similiter
909 2978 1020 3022 res
1087 2978 1162 3022 se
1226 2957 1443 3023 habet
1509 2979 1669 3024 cum
1718 2958 1958 3024 fabula
2004 2958 2091 3024 de
2140 2959 2378 3043 Cyane
2425 2960 2635 3045 fonte,

283 3083 502 3147 quam
568 3084 840 3129 omnes·
883 3073 1050 3130 ante
1098 3063 1437 3130 Ovidium
1512 3065 1717 3131 aliter
1764 3076 2274 3150 exposuerunt:
2324 3066 2633 3151 Qanem

288 3170 556 3235 fontem
615 3191 768 3235 esse
824 3180 1086 3253 ortum,
1144 3192 1304 3236 cum
1356 3171 1590 3253 Pluto,
1654 3180 1737 3237 ut
1793 3171 1878 3237 ad
1938 3171 2198 3238 inferos
2252 3184 2492 3260 posset
2536 3197 2636 3243 re-

290 3275 465 3356 dire,
536 3285 793 3342 terram
865 3274 1203 3344 scidisset.
1223 3277 1276 3362 ⁶)
1370 3279 1574 3361 Quae
1629 3278 1876 3363 legens
1932 3287 2145 3365 poeta
2190 3279 2290 3346 ita
2338 3284 2636 3351 novavit

283 3382 388 3467 (V
411 3377 718 3469 409>sq.),
760 3390 844 3448 ut
890 3382 1330 3449 occasionem
1377 3384 1674 3451 haberet
1713 3385 2129 3453 mutationis
2161 3388 2634 3474 explicandae.

506 3488 782 3573 Quibus
852 3490 1190 3576 expositis
1257 3490 1434 3556 fides
1504 3491 1589 3557 fit
1657 3492 2068 3560 sententiae¹
2101 3494 2351 3561 Fastos
2410 3498 2635 3564 multo

283 3594 869 3681 incorrupti'orem
962 3597 1162 3663 nobis
1240 3597 1575 3683 praebere
1652 3599 1946 3681 fontem3
2033 3598 2276 3687 itaque
2353 3603 2472 3669 ubi
2560 3603 2632 3669 in

292 3702 985 3789 Metamorphosibus
1033 3703 1504 3790 discrepantia
1551 3705 2018 3772 inveniuntur
2065 3729 2225 3774 cum
2273 3709 2387 3793 iis,
2453 3732 2633 3795 quae

282 3809 364 3874 in
437 3807 812 3876 Fastorum
881 3810 1350 3898 descriptione
1413 3812 1753 3897 legimuS‚
1820 3812 1892 3878 in
1946 3816 2633 3903 Metamorphosibus

278 3925 575 4003 poetam
621 3909 1070 3984 submutasse
1117 3919 1232 3986 vel
1279 3913 1635 3985 addidisse
1684 3917 1948 4004 aliquid
1998 3930 2109 3987 est
2153 3921 2478 4009 suspicio.

509 4136 554 4212 ⁶)
600 4137 780 4196 Diod.
828 4140 898 4217 v,
947 4139 1005 4197 4.
