3123 4871
1269 259 1710 327 „39-

304 472 635 539 fabulis
684 474 1146 577 explicaverit
1179 475 1705 554 EratostheneS‚
1751 459 1889 541 hac
1916 475 2002 541 de
2036 476 2446 562 quaestione
2478 477 2663 544 inter

282 601 387 644 ·se
436 580 862 648 dissentiant
908 581 1042 647 viri
1075 581 1280 664 docti,
1313 581 1712 649 accuratius
1743 581 2249 668 disputandum
2286 605 2436 649 esse
2468 593 2662 670 puto,

532 707 892 792 Perpauca
939 705 1274 791 Epitome
1331 706 1417 772 de
1475 705 1611 771 hac
1666 700 1741 771 re
1785 698 2104 773 'servavit
2150 707 2222 772 in
2274 729 2418 794 cap.
2466 710 2660 792 XIV,

303 832 667 898 perpauca
715 812 939 878 codex
985 812 1052 877 T
1082 813 1198 901 (R.
1244 834 1347 899 pr.
1398 835 1460 899 p.
1509 810 1580 896 4)
1629 823 1700 879 et
1731 816 1993 880 Aratus
2029 815 2328 885 Latinus
2362 815 2656 897 (Comm.

300 918 377 982 in
429 919 550 985 Ar.
623 941 691 1005 p.
738 915 923 1001 212);
991 930 1067 985 at
1131 919 1512 985 scholiasta
1560 920 1966 986 Germanici
2019 922 2134 985 BP
2201 932 2270 987 et
2320 922 2659 1007 Hyginus

276 1012 400 1111 v(p.
456 1022 585 1090 106
652 1046 753 1112 sq.
807 1025 1110 1113 Rob.)²2)
1166 1026 1519 1112 copiosius
1569 1036 1859 1093 narrant
1904 1027 2220 1093 fabulam
2270 1029 2657 1094 secundum

305 1131 764 1216 Pherecyden
813 1132 947 1198 hac
994 1133 1137 1198 fere
1184 1132 1480 1199 ratione:
1514 1132 1923 1199 Secundum
1961 1134 2431 1219 Pherecydem
2469 1136 2661 1219 Hya-

299 1239 429 1303 des
495 1249 667 1305 sunt
712 1239 952 1310 Liberi
1019 1240 1328 1306 nutrices
1394 1249 1693 1326 septem,
1760 1261 1942 1325 quae
1989 1250 2199 1307 autea
2250 1242 2658 1308 Dodonides

276 1345 668 1432 ‘nymphae
756 1346 1313 1432 appellabantur.
1408 1334 1489 1394 '-
1569 1348 2099 1414 Enumerantur
2187 1349 2495 1418 nomina.
2572 1387 2657 1399 -

301 1453 513 1534 Quae
560 1474 650 1518 ne
698 1476 737 1517 a
777 1455 1110 1539 Lycurgo
1159 1464 1579 1539 caperentur
1614 1454 1944 1521 timentes
1977 1453 2263 1520 Thebas
2296 1456 2654 1541 fugerunt.

298 1558 610 1642 Deinde,
668 1581 759 1625 ne
806 1583 846 1625 a
896 1562 1166 1626 Iunone
1215 1561 1383 1646 quid
1432 1571 1868 1647 paterentur,
1926 1562 2246 1648 Iuppiter
2291 1562 2365 1626 in
2415 1563 2656 1629 stellas

198 1734 207 1741 ‚
297 1688 421 1732 eas
470 1667 800 1734 mutavit.
901 1670 1266 1732 Praeterea
1314 1668 1660 1754 interpres
1709 1671 2011 1735 Arateus
2057 1668 2364 1736 breviter
2411 1670 2654 1735 eadem

294 1772 603 1858 attingit
649 1771 779 1855 ita,
838 1783 919 1838 ut
966 1772 1180 1839 etiam
1232 1774 1289 1839 si
1340 1774 1530 1840 aliud
1582 1785 2088 1859 argumentum
2138 1797 2279 1842 non
2329 1785 2655 1858 exstaret,

294 1880 385 1944 ad
465 1879 1009 1946 Catasterismos
1098 1881 1353 1946 referre
1424 1881 1684 1949 liceret.
1802 1884 1898 1947 At
1963 1883 2301 1966 Hyginus
2371 1883 2654 1966 omittit,

295 2007 486 2072 quae
566 1986 641 2051 in
721 1987 1006 2052 scholiis
1085 1988 1492 2054 Germanici
1575 1991 1688 2053 BP
1774 1999 1845 2055 et
1931 1988 2117 2074 apud
2196 1989 2651 2076 interpretem

295 2095 644 2159 Arateum
692 2093 1031 2179 legimus:
1080 2086 1171 2159 ‘H
1208 2094 1282 2160 δὲ
1324 2094 1764 2181 προσωνυμία
1797 2095 1995 2176 amir,
2049 2088 2149 2162 ὅτι
2195 2091 2301 2161 τὸν
2331 2094 2655 2163 Διόνυσον

293 2190 788 2286 ἆγε-θρέψαντο.
868 2192 1034 2290 “qu
1102 2200 1176 2266 δὲ
1248 2193 1281 2265 ὁ
1352 2198 1685 2280 Διόνυσος
1750 2203 1991 2285 (schol.
2042 2204 2273 2284 Anat).
2392 2205 2515 2287 Et,
2573 2214 2654 2271 ut

290 2314 489 2372 recte
555 2307 836 2373 monuit
895 2307 1241 2374 Rehmius
1303 2310 1412 2387 (R.
1471 2308 1638 2374 diss,
1696 2331 1763 2395 p.
1813 2306 1949 2393 10),
2022 2332 2203 2396 quae
2270 2311 2653 2377 scholiasta

289 2414 605 2481 Arateus
672 2424 744 2481 et
808 2416 1154 2501 interpres
1211 2415 1617 2482 Germanici
1678 2418 1791 2482 BP
1832 2427 2314 2501 servaverunt,
2372 2441 2453 2485 ea
2508 2442 2650 2485 non

289 2522 367 2585 in
451 2520 975 2588 Catasterismis
1063 2522 1418 2589 exstitisse
1497 2523 1618 2588 sed
1699 2545 1787 2588 ex
1864 2525 2147 2590 scholiis
2226 2526 2500 2591 Arateis
2576 2526 2651 2591 in

293 2626 735 2693 Basileensia
805 2628 1099 2694 fluxisse
1168 2629 1477 2715 suspicio
1549 2640 1673 2695 est.
1779 2633 2115 2698 Attamen
2186 2633 2400 2699 etiarn
2467 2632 2651 2698 hanc

290 2733 580 2800 fabulae
628 2745 903 2819 partem
952 2757 1041 2800 ex
1075 2734 1595 2802 Catasterismis
1645 2758 1797 2802 esse
1843 2736 2175 2804 haustam
2224 2749 2417 2824 put0,
2460 2740 2647 2824 quod

291 2840 430 2905 hoc
480 2840 637 2905 loco
670 2840 1079 2907 Germanici
1129 2840 1582 2929 interpretem
1632 2844 1900 2909 scholia
1932 2845 2191 2911 Aratea
2239 2845 2648 2911 adhibuisse

288 2969 438 3013 non
521 2957 628 3013 est
697 2947 1084 3032 probabile3
1164 2971 1329 3014 nam
1401 2950 1628 3016 multo
1699 2950 2066 3016 obscurius
2134 2974 2282 3017 rem
2355 2952 2648 3038 attingit

289 3052 709 3118 Germanici
742 3053 1151 3121 scholiasta:
1200 3058 1480 3140 sffyadas
1510 3057 1889 3142 appellavit
1915 3059 2039 3143 (sc.
2074 3058 2440 3144 Iuppiter),
2474 3062 2657 3144 qnod

290 3166 614 3224 nascente
643 3161 890 3225 Libero
922 3184 1032 3225 eas
1066 3162 1423 3226 invenere't.
1498 3163 2005 3229 Praetermittit
2050 3164 2273 3249 igitur
2307 3164 2645 3236 Liberum

287 3267 510 3332 etiam
546 3259 714 3356 ‘'vat
772 3288 925 3332 esse
979 3267 1444 3350 nominatum,
1510 3268 1698 3354 quod
1747 3290 1835 3333 ex
1883 3270 2170 3335 scholiis
2223 3272 2521 3355 ArateiS,
2586 3273 2646 3338 si

286 3373 427 3438 hoc
468 3374 626 3438 loco
665 3372 1122 3460 inspexisset,
1174 3374 1328 3440 sine
1374 3374 1591 3440 dubio
1648 3376 2057 3459 addidisset;
2118 3386 2433 3444 attamen
2482 3401 2644 3446 cum

287 3478 510 3545 etiam
544 3501 634 3545 ex
667 3479 1091 3545 scholiastae
1112 3481 1517 3546 Germanici
1545 3482 1778 3548 verbis
1811 3494 2149 3570 appareat
2172 3485 2642 3570 Pherecydem

285 3585 535 3652 stellas
600 3586 940 3671 appellari
995 3586 1289 3670 Hyadas
1332 3587 1613 3671 dixisse,
1672 3590 1858 3675 quod
1912 3590 2248 3660 Liberum
2298 3592 2448 3659 sive
2481 3586 2646 3684 ‘'Yvyv
2705 3633 2708 3636 ·

511 3840 587 3915 22)
620 3841 926 3916 -Hyginus
981 3850 1043 3899 et
1112 3845 1298 3901 schol.
1356 3842 1561 3908 Germ.
1590 3843 1700 3910 ‚BP
1759 3862 1831 3901 ex
1888 3849 2195 3917 communi
2260 3849 2456 3916 fonte,
2522 3850 2640 3909 alio

285 3937 473 4004 atque
508 3947 693 4004 quem
727 3930 920 3987 secuti
953 3937 1090 3987 sunt
1119 3932 1352 4007 reliqui,
1385 3932 1849 3991 Catasterismos
1875 3946 2275 4005 servaverunt,
2309 3946 2373 3993 ut
2395 3938 2641 3996 Rehmi-

285 4037 390 4074 um
440 4019 890 4076 demonstrasse
938 4037 1118 4094 supra
1166 4022 1390 4078 monui.
1482 4021 1695 4095 Itaque
1744 4024 1910 4096 quod
1955 4026 2172 4100 reliqui
2204 4026 2473 4083 fabulam
2504 4046 2640 4103 per-

283 4107 501 4180 paucis
560 4114 793 4164 tantum
852 4108 1170 4182 attingunt,
1228 4110 1498 4184 Hyginus
1547 4119 1609 4168 et
1656 4112 1981 4170 scholiasta
2030 4115 2334 4190 copiosius
2382 4126 2624 4174 narrant

284 4196 630 4252 mirandum
678 4214 798 4254 non
847 4205 956 4253 est.
