3123 4871
1304 255 1744 324 „55-

568 472 1077 538 Eratosthenes
1123 471 1413 537 omnino
1458 469 1661 537 aliter
1709 492 1858 536 rem
1894 478 2172 551 tractat;
2221 490 2385 533 nam
2423 467 2698 533 Arcada

346 580 442 645 ab
513 600 675 644 ursa
744 588 995 646 natum
1069 577 1255 664 apud
1313 587 1615 643 matrem
1663 584 2143 643 remanentem
2194 596 2356 640 eum
2404 573 2698 640 finxisse

345 686 489 750 iam
540 684 705 750 inde
751 695 1064 772 apparet,
1111 685 1297 770 quod
1344 704 1644 770 puerum
1693 705 1872 749 cum
1920 692 2180 749 matre
2228 691 2558 768 captum
2607 681 2696 746 ad

348 793 755 874 Lycaonem
805 791 1087 858 venisse
1134 790 1334 857 dixit.
1428 789 1568 857 Sed
1615 789 2107 859 Eratosthenis
2199 788 2510 855 fabulam
2559 787 2697 854 hoc

343 899 502 962 loco
558 898 1034 984 praetermisit
1079 907 1315 984 poeta,
1372 897 1568 983 quod.
1610 918 1768 963 eam
1815 895 1957 963 iam
2005 904 2217 962 antea
2264 916 2692 980 quamquam

344 1004 491 1069 alia
532 1006 758 1070 forma
805 1004 1282 1091 explicaverat
1327 1004 1526 1090 (Met.
1563 1005 1598 1069 I
1646 1000 1777 1068 163
1809 1010 2000 1087 sqq.).
2097 1004 2299 1086 Quae
2346 1011 2533 1069 recte
2581 1001 2696 1067 ob-

342 1132 668 1177 servasse
704 1111 1077 1177 Franzium
1131 1133 1289 1177 cum
1325 1111 1725 1193 concedam,
1758 1109 1972 1176 etiam
2008 1108 2345 1175 Ovidium
2383 1109 2692 1174 fabulam

343 1218 699 1300 Lycaonis
762 1239 920 1284 cum
982 1218 1318 1284 Callistus
1386 1216 1833 1283 coniunctam
1894 1217 1967 1281 in
2028 1215 2547 1283 Catasterismis
2602 1216 2695 1281 le-

342 1323 539 1408 gisse
601 1324 896 1390 Franzio
962 1324 1306 1390 assentiar
1375 1333 1672 1410 oportet.
1769 1326 1863 1389 At
1930 1322 2265 1408 quoniam
2315 1321 2690 1388 Franzium

340 1452 612 1496 errasse
663 1431 1006 1497 Rehmius
1055 1431 1421 1497 contendit
1469 1431 1657 1511 (diss.
1707 1452 1771 1516 p.
1822 1427 1908 1495 39
1955 1433 2109 1515 sq.),
2166 1429 2299 1495 hac
2354 1429 2442 1494 de
2491 1449 2695 1512 quae-

339 1537 576 1603 stione
622 1559 849 1624 pauca
896 1538 1260 1603 disseram.

559 1643 898 1710 Franzius
955 1645 1026 1731 (1.
1090 1666 1144 1710 c.
1203 1666 1271 1730 p.
1318 1641 1449 1709 306
1508 1652 1626 1728 sq.)
1676 1656 1818 1709 tres
1866 1644 1954 1708 de
2003 1664 2166 1709 ursa
2214 1642 2503 1722 maiore,
2569 1641 2692 1706 mi-

335 1772 541 1833 nore,
611 1751 1125 1837 Arctophylace
1189 1750 1627 1817 narrationes
1686 1751 2141 1817 cohaerentes
2199 1749 2384 1835 apud
2446 1748 2692 1813 Erato-

335 1857 663 1923 sthenem
713 1857 1213 1943 epitomatores
1262 1858 1545 1924 demum
1598 1857 1993 1924 seiunxisse
2026 1866 2281 1925 censet.
2375 1858 2473 1920 At
2505 1855 2690 1921 Reh-

332 1963 526 2029 mius
591 1963 847 2029 vitiose
912 1964 1089 2031 haec
1138 1965 1513 2031 Franzium
1582 1965 2008 2031 conclusisse
2066 1987 2153 2031 ex
2202 1963 2529 2048 catalogo
2576 1961 2690 2027 de-

332 2078 715 2152 monstrat,
785 2092 993 2155 quem
1062 2071 1282 2137 edidit
1352 2070 1787 2153 MaassiuS.⁴)
1883 2074 2106 2138 Recte
2165 2070 2340 2136 mihi
2407 2069 2688 2136 videtur

330 2176 687 2242 iudicasse
731 2177 1077 2243 Rehmius
1125 2201 1267 2244 non
1317 2179 1820 2265 epitomatores
1869 2178 2155 2244 demum
2193 2176 2686 2246 Eratosthenis

330 2282 841 2369 descriptiones
899 2283 1333 2367 dissolvisse3
1390 2286 1511 2351 sed
1560 2285 1738 2350 nihil
1789 2284 2108 2370 amplius.
2201 2287 2389 2349 Nam
2440 2281 2687 2351 Erato·

329 2389 657 2456 sthenem
732 2390 1144 2458 coniunctas
1215 2414 1377 2458 non
1450 2392 1827 2458 tradidisse
1900 2392 2029 2458 has
2076 2391 2350 2457 fabulas
2400 2389 2685 2456 Rehmii

329 2496 568 2562 verbis
629 2498 904 2564 ostendi
954 2520 1094 2564 non
1144 2509 1405 2586 potest,
1472 2499 1660 2584 quod
1707 2499 1861 2565 sine
1908 2498 2122 2564 dubio
2172 2497 2683 2567 Eratosthenes

329 2603 611 2669 fabulas
659 2613 730 2669 et
776 2605 1232 2671 cohaerentes
1281 2607 1591 2692 proferre
1636 2606 1872 2692 potuit
1918 2615 1989 2672 et
2035 2605 2288 2671 deinde
2338 2605 2682 2691 sepositas

330 2722 670 2795 repetere.
767 2711 1199 2798 Exemplum
1248 2714 1538 2799 praebet
1585 2714 1825 2778 fabula
1872 2712 1959 2777 de
1994 2713 2273 2794 Orione,
2322 2733 2532 2796 quam
2569 2733 2683 2776 ex-

327 2816 624 2901 plicavit
657 2828 729 2884 et
761 2819 1146 2904 scorpionis
1180 2819 1426 2886 sideris
1452 2820 1802 2905 originem
1829 2820 2192 2888 declarans
2219 2818 2433 2905 (Epit.
2464 2839 2514 2883 c.
2540 2820 2679 2884 VII

325 2944 393 3008 p.
420 2918 506 2987 ’72
555 2925 759 3004 Rob.)
809 2935 881 2990 et
927 2924 1150 3010 ipsius
1185 2926 1468 2993 Orionis
1516 2926 1727 3012 (Epir.
1756 2949 1812 2995 c.
1841 2928 2126 2992 XXXII
2176 2948 2241 3012 p.
2272 2921 2400 2990 162
2448 2925 2677 3009 Rob.).

329 3029 695 3095 Facillime
743 3045 982 3098 autem
1017 3031 1172 3097 fieri
1206 3033 1456 3119 potnit,
1491 3044 1572 3100 ut
1603 3034 2043 3119 posteriores
2075 3056 2165 3098 ne
2198 3033 2384 3098 idem
2417 3032 2676 3098 iterum

326 3147 716 3219 narrarent,
790 3137 1263 3223 expositiones
1323 3139 1409 3205 de
1456 3140 1973 3225 Arctophylace
2020 3140 2154 3205 hoc
2202 3143 2355 3205 loco
2404 3138 2680 3204 omitte-

323 3251 514 3323 rent;
562 3265 728 3308 nam
778 3265 925 3326 e05,
988 3245 1107 3329 qui
1165 3245 1689 3331 exscripserunt
1737 3247 2306 3327 CatasterismOS,
2369 3268 2443 3311 re
2491 3267 2677 3319 vera.

323 3370 416 3413 ne
470 3348 658 3414 idem
717 3360 1140 3435 repeterent,
1199 3353 1471 3418 cavisse
1527 3352 1672 3418 iam
1728 3353 1895 3418 inde
1952 3353 2429 3439 cognoscitur,
2491 3352 2674 3437 quod

322 3454 750 3540 epitomator
798 3466 869 3522 et
916 3460 1117 3523 Arati
1165 3457 1551 3524 scholiasta
1599 3459 1716 3525 hic
1749 3460 2039 3526 Callisto
2074 3438 2307 3525 ‘solam
2356 3460 2430 3524 in
2479 3459 2674 3524 sidus

303 3557 479 3625 ‘esse
546 3562 964 3628 translatam
1034 3562 1504 3648 tradiderunt,
1576 3566 1694 3631 alii
1753 3588 1920 3632 vero
1963 3566 2255 3634 Callisto
2314 3588 2474 3632 cum
2525 3564 2674 3630 filio

319 3688 476 3732 esse
541 3677 913 3736 mutatam.
1011 3670 1240 3755 Atque
1297 3693 1407 3737 res
1466 3670 1645 3757 ipsa,
1716 3682 1797 3738 ut
1842 3672 2300 3739 cohaerentes
2350 3692 2673 3738 narrasse

316 3774 869 3842 Eratosthenem
937 3776 1067 3841 has
1124 3778 1402 3844 fabulas
1460 3789 1821 3864 putemuS,
1891 3801 2145 3864 cogere
2192 3801 2321 3845 nos
2370 3778 2669 3845 videtur.

313 3883 508 3946 Nam
581 3892 828 3947 contra
878 3883 1253 3949 Franzium
1325 3886 1444 3969 qui
1516 3887 1911 3953 contenditt
1985 3909 2155 3972 quae
2212 3889 2293 3951 de
2337 3886 2674 3971 Lycaonis

284 3988 625 4075 facinore
657 3985 910 4052 circum
946 3991 1309 4056 erebantur
1346 3993 1679 4058 Callistus
1726 4017 1832 4058 res
1880 3996 2077 4058 nullo
2112 3996 2304 4058 modo
2336 3995 2675 4079 attingere

506 4169 582 4276 ἃ)
632 4208 856 4264 Aratea
901 4229 959 4283 p.
1007 4208 1134 4268 377
1185 4229 1274 4285 sq.
