<?xml version="1.0" encoding="UTF-8"?>
<!DOCTYPE html PUBLIC "-//W3C//DTD XHTML 1.0 Transitional//EN"
    "http://www.w3.org/TR/xhtml1/DTD/xhtml1-transitional.dtd">
<html xmlns="http://www.w3.org/1999/xhtml" xml:lang="en" lang="en">
 <head>
  <title>
</title>
<meta http-equiv="Content-Type" content="text/html;charset=utf-8" />
  <meta name='ocr-system' content='tesseract 3.04.00' />
  <meta name='ocr-capabilities' content='ocr_page ocr_carea ocr_par ocr_line ocrx_word'/>
</head>
<body>
  <div class='ocr_page' id='page_1' title='image "./quaestionumovid00presgoog_0028.png"; bbox 0 0 3123 4871; ppageno 0'>
   <div class='ocr_carea' id='block_1_1' title="bbox 1455 303 1898 371">
    <p class='ocr_par' dir='ltr' id='par_1_1' title="bbox 1455 303 1898 371">
     <span class='ocr_line' id='line_1_1' title="bbox 1455 303 1898 371; baseline 0.007 -16"><span class='ocrx_word' id='word_1_1' title='bbox 1455 303 1898 371; x_wconf 77' lang='lat'>-22—</span> 
     </span>
    </p>
   </div>
   <div class='ocr_carea' id='block_1_2' title="bbox 821 518 2569 694">
    <p class='ocr_par' dir='ltr' id='par_1_2' title="bbox 821 518 2569 694">
     <span class='ocr_line' id='line_1_2' title="bbox 821 518 2569 606; baseline 0 -22"><span class='ocrx_word' id='word_1_2' title='bbox 821 520 1009 585; x_wconf 86' lang='lat' dir='ltr'>Ante</span> <span class='ocrx_word' id='word_1_3' title='bbox 1059 527 1298 585; x_wconf 91' lang='lat' dir='ltr'>tamen</span> <span class='ocrx_word' id='word_1_4' title='bbox 1346 519 1648 586; x_wconf 85' lang='lat' dir='ltr'><strong>madidis</strong></span> <span class='ocrx_word' id='word_1_5' title='bbox 1697 519 1961 586; x_wconf 90' lang='lat' dir='ltr'>subieci</span> <span class='ocrx_word' id='word_1_6' title='bbox 2009 520 2303 606; x_wconf 83' lang='lat' dir='ltr'><strong>sulpura</strong></span> <span class='ocrx_word' id='word_1_7' title='bbox 2349 518 2569 602; x_wconf 66' lang='lat' dir='ltr'>venis»,</span> 
     </span>
     <span class='ocr_line' id='line_1_3' title="bbox 913 624 2484 694; baseline 0 -3"><span class='ocrx_word' id='word_1_8' title='bbox 913 624 1288 692; x_wconf 86' lang='lat' dir='ltr'>Clauderet</span> <span class='ocrx_word' id='word_1_9' title='bbox 1334 635 1416 692; x_wconf 92' lang='lat' dir='ltr'>ut</span> <span class='ocrx_word' id='word_1_10' title='bbox 1460 625 1673 692; x_wconf 89' lang='lat' dir='ltr'>Tatio</span> <span class='ocrx_word' id='word_1_11' title='bbox 1719 626 2035 694; x_wconf 88' lang='lat' dir='ltr'>fervidus</span> <span class='ocrx_word' id='word_1_12' title='bbox 2082 647 2284 692; x_wconf 89' lang='lat' dir='ltr'>umor</span> <span class='ocrx_word' id='word_1_13' title='bbox 2330 625 2484 692; x_wconf 87' lang='lat' dir='ltr'>iter.</span> 
     </span>
    </p>
   </div>
   <div class='ocr_carea' id='block_1_3' title="bbox 500 767 2876 962">
    <p class='ocr_par' dir='ltr' id='par_1_3' title="bbox 500 767 2876 962">
     <span class='ocr_line' id='line_1_4' title="bbox 714 767 2876 855; baseline 0 -23"><span class='ocrx_word' id='word_1_14' title='bbox 714 767 916 849; x_wconf 76' lang='lat' dir='ltr'>Quae</span> <span class='ocrx_word' id='word_1_15' title='bbox 971 767 1210 834; x_wconf 88' lang='lat' dir='ltr'>omnia</span> <span class='ocrx_word' id='word_1_16' title='bbox 1267 789 1409 833; x_wconf 90' lang='lat' dir='ltr'>non</span> <span class='ocrx_word' id='word_1_17' title='bbox 1468 770 1742 850; x_wconf 88' lang='lat' dir='ltr'>Ianum,</span> <span class='ocrx_word' id='word_1_18' title='bbox 1801 769 1919 833; x_wconf 91' lang='lat' dir='ltr'>sed</span> <span class='ocrx_word' id='word_1_19' title='bbox 1971 770 2319 835; x_wconf 76' lang='lat' dir='ltr'>Venerem</span> <span class='ocrx_word' id='word_1_20' title='bbox 2378 776 2451 834; x_wconf 92' lang='lat' dir='ltr'>et</span> <span class='ocrx_word' id='word_1_21' title='bbox 2498 767 2876 855; x_wconf 84' lang='lat' dir='ltr'>nymphas</span> 
     </span>
     <span class='ocr_line' id='line_1_5' title="bbox 500 870 2661 962; baseline 0.001 -26"><span class='ocrx_word' id='word_1_22' title='bbox 500 872 813 939; x_wconf 79' lang='lat' dir='ltr'>effecisse</span> <span class='ocrx_word' id='word_1_23' title='bbox 860 873 1167 959; x_wconf 86' lang='lat' dir='ltr'>legimus</span> <span class='ocrx_word' id='word_1_24' title='bbox 1212 874 1286 938; x_wconf 92' lang='lat' dir='ltr'>in</span> <span class='ocrx_word' id='word_1_25' title='bbox 1337 874 2027 961; x_wconf 89' lang='lat' dir='ltr'>Metamorphosibus</span> <span class='ocrx_word' id='word_1_26' title='bbox 2074 874 2280 962; x_wconf 89' lang='lat' dir='ltr'>(XIV</span> <span class='ocrx_word' id='word_1_27' title='bbox 2328 870 2456 939; x_wconf 85' lang='lat'>783</span> <span class='ocrx_word' id='word_1_28' title='bbox 2505 881 2661 960; x_wconf 88' lang='lat' dir='ltr'>sq.):</span> 
     </span>
    </p>
   </div>
   <div class='ocr_carea' id='block_1_4' title="bbox 818 1015 2608 1422">
    <p class='ocr_par' dir='ltr' id='par_1_4' title="bbox 818 1015 2608 1189">
     <span class='ocr_line' id='line_1_6' title="bbox 818 1015 2608 1103; baseline 0.001 -22"><span class='ocrx_word' id='word_1_29' title='bbox 818 1015 986 1081; x_wconf 84' lang='lat' dir='ltr'>Sola</span> <span class='ocrx_word' id='word_1_30' title='bbox 1033 1017 1277 1083; x_wconf 90' lang='lat' dir='ltr'>Venus</span> <span class='ocrx_word' id='word_1_31' title='bbox 1326 1028 1571 1102; x_wconf 89' lang='lat' dir='ltr'>portae</span> <span class='ocrx_word' id='word_1_32' title='bbox 1618 1017 1951 1083; x_wconf 84' lang='lat' dir='ltr'>cecidisse</span> <span class='ocrx_word' id='word_1_33' title='bbox 1998 1017 2340 1103; x_wconf 87' lang='lat' dir='ltr'>repagula</span> <span class='ocrx_word' id='word_1_34' title='bbox 2386 1015 2608 1083; x_wconf 90' lang='lat' dir='ltr'>sensit</span> 
     </span>
     <span class='ocr_line' id='line_1_7' title="bbox 822 1123 2143 1189; baseline 0 -1"><span class='ocrx_word' id='word_1_35' title='bbox 822 1175 834 1188; x_wconf 92' lang='lat'><strong><em>.</em></strong></span> <span class='ocrx_word' id='word_1_36' title='bbox 889 1175 901 1188; x_wconf 93' lang='lat'><em>.</em></span> <span class='ocrx_word' id='word_1_37' title='bbox 955 1176 968 1189; x_wconf 92' lang='lat'><strong>.</strong></span> <span class='ocrx_word' id='word_1_38' title='bbox 1023 1174 1038 1189; x_wconf 90' lang='lat'>.</span> <span class='ocrx_word' id='word_1_39' title='bbox 1088 1124 1263 1188; x_wconf 88' lang='lat' dir='ltr'>Iano</span> <span class='ocrx_word' id='word_1_40' title='bbox 1310 1123 1464 1189; x_wconf 93' lang='lat' dir='ltr'>loco</span> <span class='ocrx_word' id='word_1_41' title='bbox 1510 1123 1754 1189; x_wconf 89' lang='lat' dir='ltr'>iuncta</span> <span class='ocrx_word' id='word_1_42' title='bbox 1804 1124 2143 1189; x_wconf 84' lang='lat' dir='ltr'>tenebant</span> 
     </span>
    </p>

    <p class='ocr_par' dir='ltr' id='par_1_5' title="bbox 821 1228 2398 1314">
     <span class='ocr_line' id='line_1_8' title="bbox 821 1228 2398 1314; baseline 0.002 -21"><span class='ocrx_word' id='word_1_43' title='bbox 821 1228 1089 1295; x_wconf 87' lang='lat' dir='ltr'>Naides</span> <span class='ocrx_word' id='word_1_44' title='bbox 1136 1229 1496 1295; x_wconf 85' lang='lat' dir='ltr'>Ausoniae</span> <span class='ocrx_word' id='word_1_45' title='bbox 1546 1230 1781 1314; x_wconf 89' lang='lat' dir='ltr'>gelido</span> <span class='ocrx_word' id='word_1_46' title='bbox 1828 1229 2139 1296; x_wconf 86' lang='lat' dir='ltr'>rorantia</span> <span class='ocrx_word' id='word_1_47' title='bbox 2187 1231 2398 1297; x_wconf 89' lang='lat' dir='ltr'>fonte.</span> 
     </span>
    </p>

    <p class='ocr_par' dir='ltr' id='par_1_6' title="bbox 820 1336 2313 1422">
     <span class='ocr_line' id='line_1_9' title="bbox 820 1336 2313 1422; baseline 0.003 -22"><span class='ocrx_word' id='word_1_48' title='bbox 820 1337 974 1401; x_wconf 89' lang='lat' dir='ltr'>Has</span> <span class='ocrx_word' id='word_1_49' title='bbox 1022 1350 1233 1422; x_wconf 87' lang='lat' dir='ltr'>rogat</span> <span class='ocrx_word' id='word_1_50' title='bbox 1289 1336 1634 1401; x_wconf 83' lang='lat' dir='ltr'>auxilium</span> <span class='ocrx_word' id='word_1_51' title='bbox 1697 1389 2313 1404; x_wconf 90' lang='grc'><strong>..........</strong></span> 
     </span>
    </p>
   </div>
   <div class='ocr_carea' id='block_1_5' title="bbox 403 1495 2867 2223">
    <p class='ocr_par' dir='ltr' id='par_1_7' title="bbox 403 1495 2867 2223">
     <span class='ocr_line' id='line_1_10' title="bbox 711 1495 2867 1583; baseline 0 -22"><span class='ocrx_word' id='word_1_52' title='bbox 711 1495 850 1561; x_wconf 89' lang='lat' dir='ltr'>Cur</span> <span class='ocrx_word' id='word_1_53' title='bbox 909 1496 1119 1562; x_wconf 89' lang='lat' dir='ltr'>modo</span> <span class='ocrx_word' id='word_1_54' title='bbox 1174 1497 1309 1561; x_wconf 86' lang='lat' dir='ltr'>hac</span> <span class='ocrx_word' id='word_1_55' title='bbox 1364 1496 1576 1561; x_wconf 91' lang='lat' dir='ltr'>modo</span> <span class='ocrx_word' id='word_1_56' title='bbox 1632 1496 1754 1561; x_wconf 90' lang='lat' dir='ltr'>illa</span> <span class='ocrx_word' id='word_1_57' title='bbox 1799 1497 2072 1563; x_wconf 88' lang='lat' dir='ltr'>ratione</span> <span class='ocrx_word' id='word_1_58' title='bbox 2120 1506 2330 1583; x_wconf 87' lang='lat' dir='ltr'>poeta</span> <span class='ocrx_word' id='word_1_59' title='bbox 2375 1496 2553 1561; x_wconf 90' lang='lat' dir='ltr'>haec</span> <span class='ocrx_word' id='word_1_60' title='bbox 2600 1505 2867 1562; x_wconf 86' lang='lat' dir='ltr'>tracta-</span> 
     </span>
     <span class='ocr_line' id='line_1_11' title="bbox 494 1602 2859 1690; baseline 0 -22"><span class='ocrx_word' id='word_1_61' title='bbox 494 1602 695 1684; x_wconf 85' lang='lat' dir='ltr'>verit,</span> <span class='ocrx_word' id='word_1_62' title='bbox 735 1603 914 1682; x_wconf 64' lang='lat' dir='ltr'>&gt;luce</span> <span class='ocrx_word' id='word_1_63' title='bbox 981 1602 1237 1668; x_wconf 87' lang='lat' dir='ltr'>clarius</span> <span class='ocrx_word' id='word_1_64' title='bbox 1305 1613 1437 1669; x_wconf 88' lang='lat' dir='ltr'>est:</span> <span class='ocrx_word' id='word_1_65' title='bbox 1503 1604 1579 1668; x_wconf 88' lang='lat' dir='ltr'>in</span> <span class='ocrx_word' id='word_1_66' title='bbox 1647 1603 1877 1669; x_wconf 87' lang='lat' dir='ltr'>Fastis</span> <span class='ocrx_word' id='word_1_67' title='bbox 1934 1603 2242 1690; x_wconf 91' lang='lat' dir='ltr'>primum</span> <span class='ocrx_word' id='word_1_68' title='bbox 2304 1603 2471 1669; x_wconf 92' lang='lat' dir='ltr'>anni</span> <span class='ocrx_word' id='word_1_69' title='bbox 2527 1625 2859 1669; x_wconf 88' lang='lat' dir='ltr'>mensem</span> 
     </span>
     <span class='ocr_line' id='line_1_12' title="bbox 403 1709 2866 1795; baseline 0 -20"><span class='ocrx_word' id='word_1_70' title='bbox 403 1746 410 1752; x_wconf 93' lang='lat'>-</span> <span class='ocrx_word' id='word_1_71' title='bbox 495 1730 754 1775; x_wconf 86' lang='lat' dir='ltr'>canens</span> <span class='ocrx_word' id='word_1_72' title='bbox 801 1709 875 1775; x_wconf 93' lang='lat' dir='ltr'>in</span> <span class='ocrx_word' id='word_1_73' title='bbox 923 1709 1169 1795; x_wconf 90' lang='lat' dir='ltr'>primis</span> <span class='ocrx_word' id='word_1_74' title='bbox 1205 1709 1360 1775; x_wconf 91' lang='lat' dir='ltr'>Iani</span> <span class='ocrx_word' id='word_1_75' title='bbox 1393 1710 1695 1776; x_wconf 89' lang='lat' dir='ltr'>virtutes</span> <span class='ocrx_word' id='word_1_76' title='bbox 1729 1711 2017 1789; x_wconf 85' lang='lat' dir='ltr'>volebat</span> <span class='ocrx_word' id='word_1_77' title='bbox 2057 1711 2366 1793; x_wconf 87' lang='lat' dir='ltr'>laudare,</span> <span class='ocrx_word' id='word_1_78' title='bbox 2414 1720 2488 1776; x_wconf 88' lang='lat' dir='ltr'>at</span> <span class='ocrx_word' id='word_1_79' title='bbox 2519 1709 2593 1775; x_wconf 89' lang='lat' dir='ltr'>in</span> <span class='ocrx_word' id='word_1_80' title='bbox 2630 1712 2866 1776; x_wconf 88' lang='lat' dir='ltr'>Meta-</span> 
     </span>
     <span class='ocr_line' id='line_1_13' title="bbox 493 1816 2860 1902; baseline 0 -21"><span class='ocrx_word' id='word_1_81' title='bbox 493 1816 993 1902; x_wconf 88' lang='lat' dir='ltr'>morphosibus</span> <span class='ocrx_word' id='word_1_82' title='bbox 1041 1816 1339 1883; x_wconf 86' lang='lat' dir='ltr'>Veneris</span> <span class='ocrx_word' id='word_1_83' title='bbox 1395 1816 1467 1880; x_wconf 90' lang='lat' dir='ltr'>in</span> <span class='ocrx_word' id='word_1_84' title='bbox 1519 1819 1882 1883; x_wconf 91' lang='lat' dir='ltr'>Romanos</span> <span class='ocrx_word' id='word_1_85' title='bbox 1932 1816 2379 1883; x_wconf 84' lang='lat' dir='ltr'>clementiam</span> <span class='ocrx_word' id='word_1_86' title='bbox 2432 1826 2504 1882; x_wconf 90' lang='lat' dir='ltr'>et</span> <span class='ocrx_word' id='word_1_87' title='bbox 2551 1817 2860 1883; x_wconf 88' lang='lat' dir='ltr'>Iunonis</span> 
     </span>
     <span class='ocr_line' id='line_1_14' title="bbox 435 1922 2858 2010; baseline 0.001 -22"><span class='ocrx_word' id='word_1_88' title='bbox 435 1940 441 1946; x_wconf 86' lang='grc'><em>·</em></span> <span class='ocrx_word' id='word_1_89' title='bbox 492 1923 668 1988; x_wconf 90' lang='lat' dir='ltr'>iram</span> <span class='ocrx_word' id='word_1_90' title='bbox 705 1922 1106 1989; x_wconf 89' lang='lat' dir='ltr'>describens</span> <span class='ocrx_word' id='word_1_91' title='bbox 1139 1924 1208 1988; x_wconf 91' lang='lat' dir='ltr'>id</span> <span class='ocrx_word' id='word_1_92' title='bbox 1247 1924 1632 2010; x_wconf 86' lang='lat' dir='ltr'>spectabat,</span> <span class='ocrx_word' id='word_1_93' title='bbox 1668 1930 1749 1989; x_wconf 88' lang='lat' dir='ltr'>ut</span> <span class='ocrx_word' id='word_1_94' title='bbox 1781 1924 2157 2010; x_wconf 81' lang='lat' dir='ltr'>praecipue</span> <span class='ocrx_word' id='word_1_95' title='bbox 2190 1923 2537 1989; x_wconf 88' lang='lat' dir='ltr'>beneficia</span> <span class='ocrx_word' id='word_1_96' title='bbox 2563 1925 2858 1990; x_wconf 83' lang='lat' dir='ltr'>Aeneae</span> 
     </span>
     <span class='ocr_line' id='line_1_15' title="bbox 496 2028 2857 2117; baseline 0 -22"><span class='ocrx_word' id='word_1_97' title='bbox 496 2028 740 2095; x_wconf 91' lang='lat' dir='ltr'>matris</span> <span class='ocrx_word' id='word_1_98' title='bbox 767 2030 1315 2101; x_wconf 88' lang='lat' dir='ltr'>celebrarentur;</span> <span class='ocrx_word' id='word_1_99' title='bbox 1353 2030 1596 2117; x_wconf 88' lang='lat' dir='ltr'>itaque</span> <span class='ocrx_word' id='word_1_100' title='bbox 1629 2030 1964 2113; x_wconf 89' lang='lat' dir='ltr'>fabulam,</span> <span class='ocrx_word' id='word_1_101' title='bbox 2000 2039 2082 2095; x_wconf 92' lang='lat' dir='ltr'>ut</span> <span class='ocrx_word' id='word_1_102' title='bbox 2107 2030 2437 2096; x_wconf 86' lang='lat' dir='ltr'>traditam</span> <span class='ocrx_word' id='word_1_103' title='bbox 2464 2040 2857 2117; x_wconf 86' lang='lat' dir='ltr'>acceperat,</span> 
     </span>
     <span class='ocr_line' id='line_1_16' title="bbox 493 2135 1644 2223; baseline 0.001 -22"><span class='ocrx_word' id='word_1_104' title='bbox 493 2135 784 2201; x_wconf 92' lang='lat' dir='ltr'>consilio</span> <span class='ocrx_word' id='word_1_105' title='bbox 835 2157 963 2201; x_wconf 88' lang='lat' dir='ltr'>suo</span> <span class='ocrx_word' id='word_1_106' title='bbox 1012 2145 1267 2223; x_wconf 87' lang='lat' dir='ltr'>aptans</span> <span class='ocrx_word' id='word_1_107' title='bbox 1315 2136 1644 2203; x_wconf 87' lang='lat' dir='ltr'>mutavit.</span> 
     </span>
    </p>
   </div>
   <div class='ocr_carea' id='block_1_6' title="bbox 481 2279 2866 3969">
    <p class='ocr_par' dir='ltr' id='par_1_8' title="bbox 481 2279 2866 3969">
     <span class='ocr_line' id='line_1_17' title="bbox 708 2279 2854 2366; baseline 0.002 -24"><span class='ocrx_word' id='word_1_108' title='bbox 708 2280 873 2345; x_wconf 93' lang='lat' dir='ltr'>Non</span> <span class='ocrx_word' id='word_1_109' title='bbox 912 2289 1057 2345; x_wconf 89' lang='lat' dir='ltr'>tarn</span> <span class='ocrx_word' id='word_1_110' title='bbox 1092 2279 1299 2345; x_wconf 90' lang='lat' dir='ltr'>facile</span> <span class='ocrx_word' id='word_1_111' title='bbox 1330 2279 1701 2346; x_wconf 91' lang='lat' dir='ltr'>diiudicari</span> <span class='ocrx_word' id='word_1_112' title='bbox 1734 2289 1971 2365; x_wconf 89' lang='lat' dir='ltr'>potest</span> <span class='ocrx_word' id='word_1_113' title='bbox 2004 2280 2339 2366; x_wconf 90' lang='lat' dir='ltr'>quaesti0,</span> <span class='ocrx_word' id='word_1_114' title='bbox 2388 2302 2511 2346; x_wconf 90' lang='lat' dir='ltr'>cur</span> <span class='ocrx_word' id='word_1_115' title='bbox 2545 2279 2854 2346; x_wconf 88' lang='lat' dir='ltr'>Ovidius</span> 
     </span>
     <span class='ocr_line' id='line_1_18' title="bbox 494 2385 2846 2474; baseline 0 -23"><span class='ocrx_word' id='word_1_116' title='bbox 494 2385 775 2472; x_wconf 82' lang='lat' dir='ltr'>Priapi</span> <span class='ocrx_word' id='word_1_117' title='bbox 823 2386 1195 2453; x_wconf 88' lang='lat' dir='ltr'>fabulam</span> <span class='ocrx_word' id='word_1_118' title='bbox 1248 2397 1352 2454; x_wconf 91' lang='lat' dir='ltr'>ter</span> <span class='ocrx_word' id='word_1_119' title='bbox 1400 2387 1761 2474; x_wconf 88' lang='lat' dir='ltr'>explicans</span> <span class='ocrx_word' id='word_1_120' title='bbox 1811 2397 1914 2453; x_wconf 90' lang='lat' dir='ltr'>ter</span> <span class='ocrx_word' id='word_1_121' title='bbox 1963 2386 2166 2453; x_wconf 88' lang='lat' dir='ltr'>aliter</span> <span class='ocrx_word' id='word_1_122' title='bbox 2210 2386 2581 2458; x_wconf 87' lang='lat' dir='ltr'>rettulerit.</span> <span class='ocrx_word' id='word_1_123' title='bbox 2655 2388 2846 2453; x_wconf 93' lang='lat' dir='ltr'>Nam</span> 
     </span>
     <span class='ocr_line' id='line_1_19' title="bbox 489 2492 2849 2580; baseline 0.001 -23"><span class='ocrx_word' id='word_1_124' title='bbox 489 2492 595 2558; x_wconf 90' lang='lat' dir='ltr'>bis</span> <span class='ocrx_word' id='word_1_125' title='bbox 643 2492 715 2558; x_wconf 92' lang='lat' dir='ltr'>in</span> <span class='ocrx_word' id='word_1_126' title='bbox 755 2494 987 2559; x_wconf 88' lang='lat' dir='ltr'>Fastis</span> <span class='ocrx_word' id='word_1_127' title='bbox 1037 2494 1171 2559; x_wconf 92' lang='lat' dir='ltr'>hac</span> <span class='ocrx_word' id='word_1_128' title='bbox 1217 2494 1305 2560; x_wconf 94' lang='lat' dir='ltr'>de</span> <span class='ocrx_word' id='word_1_129' title='bbox 1350 2494 1592 2560; x_wconf 90' lang='lat' dir='ltr'>fabula</span> <span class='ocrx_word' id='word_1_130' title='bbox 1639 2495 1853 2561; x_wconf 89' lang='lat' dir='ltr'>verba</span> <span class='ocrx_word' id='word_1_131' title='bbox 1901 2494 2072 2561; x_wconf 90' lang='lat' dir='ltr'>facit</span> <span class='ocrx_word' id='word_1_132' title='bbox 2117 2504 2190 2561; x_wconf 90' lang='lat' dir='ltr'>et</span> <span class='ocrx_word' id='word_1_133' title='bbox 2234 2494 2307 2559; x_wconf 92' lang='lat' dir='ltr'>in</span> <span class='ocrx_word' id='word_1_134' title='bbox 2356 2495 2602 2560; x_wconf 92' lang='lat' dir='ltr'>eodem</span> <span class='ocrx_word' id='word_1_135' title='bbox 2635 2515 2849 2580; x_wconf 92' lang='lat' dir='ltr'>opere</span> 
     </span>
     <span class='ocr_line' id='line_1_20' title="bbox 492 2597 2849 2688; baseline 0 -24"><span class='ocrx_word' id='word_1_136' title='bbox 492 2599 991 2666; x_wconf 87' lang='lat' dir='ltr'>diversissime.</span> <span class='ocrx_word' id='word_1_137' title='bbox 1086 2603 1171 2666; x_wconf 90' lang='lat' dir='ltr'>In</span> <span class='ocrx_word' id='word_1_138' title='bbox 1219 2601 1397 2668; x_wconf 89' lang='lat' dir='ltr'>libro</span> <span class='ocrx_word' id='word_1_139' title='bbox 1446 2601 1637 2666; x_wconf 88' lang='lat' dir='ltr'>enim</span> <span class='ocrx_word' id='word_1_140' title='bbox 1685 2602 1915 2687; x_wconf 90' lang='lat' dir='ltr'>primo</span> <span class='ocrx_word' id='word_1_141' title='bbox 1956 2602 2179 2688; x_wconf 89' lang='lat' dir='ltr'>(Fast.</span> <span class='ocrx_word' id='word_1_142' title='bbox 2214 2604 2245 2665; x_wconf 96' lang='lat' dir='ltr'>I</span> <span class='ocrx_word' id='word_1_143' title='bbox 2280 2597 2410 2665; x_wconf 83' lang='lat'>392</span> <span class='ocrx_word' id='word_1_144' title='bbox 2444 2606 2611 2688; x_wconf 80' lang='lat' dir='ltr'>sqq.)</span> <span class='ocrx_word' id='word_1_145' title='bbox 2663 2600 2849 2665; x_wconf 88' lang='lat' dir='ltr'>Pria-</span> 
     </span>
     <span class='ocr_line' id='line_1_21' title="bbox 490 2707 2846 2795; baseline 0 -23"><span class='ocrx_word' id='word_1_146' title='bbox 490 2728 624 2792; x_wconf 89' lang='lat' dir='ltr'>pus</span> <span class='ocrx_word' id='word_1_147' title='bbox 699 2707 977 2778; x_wconf 89' lang='lat' dir='ltr'>Lotidis</span> <span class='ocrx_word' id='word_1_148' title='bbox 1051 2729 1290 2774; x_wconf 87' lang='lat' dir='ltr'>amore</span> <span class='ocrx_word' id='word_1_149' title='bbox 1370 2718 1620 2795; x_wconf 88' lang='lat' dir='ltr'>captus</span> <span class='ocrx_word' id='word_1_150' title='bbox 1691 2709 2046 2794; x_wconf 88' lang='lat' dir='ltr'>quomodo</span> <span class='ocrx_word' id='word_1_151' title='bbox 2115 2709 2299 2774; x_wconf 91' lang='lat' dir='ltr'>inter</span> <span class='ocrx_word' id='word_1_152' title='bbox 2370 2708 2627 2774; x_wconf 89' lang='lat' dir='ltr'>Bacchi</span> <span class='ocrx_word' id='word_1_153' title='bbox 2694 2707 2846 2772; x_wconf 90' lang='lat' dir='ltr'>dies</span> 
     </span>
     <span class='ocr_line' id='line_1_22' title="bbox 487 2814 2847 2901; baseline 0 -22"><span class='ocrx_word' id='word_1_154' title='bbox 487 2814 703 2880; x_wconf 91' lang='lat' dir='ltr'>festos</span> <span class='ocrx_word' id='word_1_155' title='bbox 775 2815 1171 2901; x_wconf 88' lang='lat' dir='ltr'>nympham</span> <span class='ocrx_word' id='word_1_156' title='bbox 1246 2836 1592 2900; x_wconf 86' lang='lat' dir='ltr'>occupare</span> <span class='ocrx_word' id='word_1_157' title='bbox 1662 2825 1959 2883; x_wconf 91' lang='lat' dir='ltr'>conatus</span> <span class='ocrx_word' id='word_1_158' title='bbox 2023 2815 2133 2898; x_wconf 89' lang='lat' dir='ltr'>sit,</span> <span class='ocrx_word' id='word_1_159' title='bbox 2202 2816 2498 2881; x_wconf 90' lang='lat' dir='ltr'>verbose</span> <span class='ocrx_word' id='word_1_160' title='bbox 2565 2824 2847 2880; x_wconf 90' lang='lat' dir='ltr'>enarrat</span> 
     </span>
     <span class='ocr_line' id='line_1_23' title="bbox 487 2918 2845 3009; baseline 0 -22"><span class='ocrx_word' id='word_1_161' title='bbox 487 2931 718 3006; x_wconf 88' lang='lat' dir='ltr'>poeta.</span> <span class='ocrx_word' id='word_1_162' title='bbox 816 2921 1092 2987; x_wconf 90' lang='lat' dir='ltr'>Tamen</span> <span class='ocrx_word' id='word_1_163' title='bbox 1140 2921 1215 2986; x_wconf 90' lang='lat' dir='ltr'>in</span> <span class='ocrx_word' id='word_1_164' title='bbox 1266 2921 1582 2987; x_wconf 89' lang='lat' dir='ltr'>eiusdem</span> <span class='ocrx_word' id='word_1_165' title='bbox 1633 2922 1861 3009; x_wconf 90' lang='lat' dir='ltr'>operis</span> <span class='ocrx_word' id='word_1_166' title='bbox 1908 2922 2087 2989; x_wconf 89' lang='lat' dir='ltr'>libro</span> <span class='ocrx_word' id='word_1_167' title='bbox 2136 2932 2338 2988; x_wconf 86' lang='lat' dir='ltr'>sexto</span> <span class='ocrx_word' id='word_1_168' title='bbox 2385 2922 2478 3008; x_wconf 89' lang='lat' dir='ltr'>(v.</span> <span class='ocrx_word' id='word_1_169' title='bbox 2512 2918 2641 2987; x_wconf 85' lang='lat'>319</span> <span class='ocrx_word' id='word_1_170' title='bbox 2674 2927 2845 3007; x_wconf 88' lang='lat' dir='ltr'>sqq.)</span> 
     </span>
     <span class='ocr_line' id='line_1_24' title="bbox 487 3028 2843 3115; baseline 0 -23"><span class='ocrx_word' id='word_1_171' title='bbox 487 3028 776 3094; x_wconf 93' lang='lat' dir='ltr'>omnino</span> <span class='ocrx_word' id='word_1_172' title='bbox 826 3029 965 3094; x_wconf 89' lang='lat' dir='ltr'>alia</span> <span class='ocrx_word' id='word_1_173' title='bbox 1013 3028 1099 3094; x_wconf 91' lang='lat' dir='ltr'>de</span> <span class='ocrx_word' id='word_1_174' title='bbox 1152 3028 1405 3115; x_wconf 88' lang='lat' dir='ltr'>Priapo</span> <span class='ocrx_word' id='word_1_175' title='bbox 1453 3028 1787 3114; x_wconf 85' lang='lat' dir='ltr'>legimus:</span> <span class='ocrx_word' id='word_1_176' title='bbox 1847 3050 1989 3094; x_wconf 90' lang='lat' dir='ltr'>non</span> <span class='ocrx_word' id='word_1_177' title='bbox 2037 3028 2313 3109; x_wconf 86' lang='lat' dir='ltr'>Bacchi,</span> <span class='ocrx_word' id='word_1_178' title='bbox 2376 3029 2497 3094; x_wconf 90' lang='lat' dir='ltr'>sed</span> <span class='ocrx_word' id='word_1_179' title='bbox 2549 3028 2843 3112; x_wconf 88' lang='lat' dir='ltr'>Cybeles</span> 
     </span>
     <span class='ocr_line' id='line_1_25' title="bbox 487 3135 2848 3222; baseline 0.001 -25"><span class='ocrx_word' id='word_1_180' title='bbox 487 3135 666 3200; x_wconf 88' lang='lat' dir='ltr'>festa</span> <span class='ocrx_word' id='word_1_181' title='bbox 762 3135 1124 3201; x_wconf 88' lang='lat' dir='ltr'>celebrans</span> <span class='ocrx_word' id='word_1_182' title='bbox 1237 3136 1529 3222; x_wconf 90' lang='lat' dir='ltr'>Priapus</span> <span class='ocrx_word' id='word_1_183' title='bbox 1632 3135 1836 3201; x_wconf 89' lang='lat' dir='ltr'>deam</span> <span class='ocrx_word' id='word_1_184' title='bbox 1926 3136 2081 3201; x_wconf 90' lang='lat' dir='ltr'>vult</span> <span class='ocrx_word' id='word_1_185' title='bbox 2174 3135 2658 3221; x_wconf 85' lang='lat' dir='ltr'>comprimere3</span> <span class='ocrx_word' id='word_1_186' title='bbox 2774 3143 2848 3199; x_wconf 92' lang='lat' dir='ltr'>et</span> 
     </span>
     <span class='ocr_line' id='line_1_26' title="bbox 484 3241 2840 3329; baseline 0 -24"><span class='ocrx_word' id='word_1_187' title='bbox 484 3251 865 3327; x_wconf 87' lang='lat' dir='ltr'>praeterea,</span> <span class='ocrx_word' id='word_1_188' title='bbox 939 3243 1127 3329; x_wconf 91' lang='lat' dir='ltr'>quod</span> <span class='ocrx_word' id='word_1_189' title='bbox 1201 3242 1492 3328; x_wconf 86' lang='lat' dir='ltr'>gravius</span> <span class='ocrx_word' id='word_1_190' title='bbox 1565 3265 1718 3309; x_wconf 90' lang='lat' dir='ltr'>esse</span> <span class='ocrx_word' id='word_1_191' title='bbox 1769 3264 2037 3326; x_wconf 90' lang='lat' dir='ltr'>cense0,</span> <span class='ocrx_word' id='word_1_192' title='bbox 2109 3265 2253 3308; x_wconf 91' lang='lat' dir='ltr'>non</span> <span class='ocrx_word' id='word_1_193' title='bbox 2301 3241 2650 3325; x_wconf 88' lang='lat' dir='ltr'>Lotidem,</span> <span class='ocrx_word' id='word_1_194' title='bbox 2719 3242 2840 3306; x_wconf 90' lang='lat' dir='ltr'>sed</span> 
     </span>
     <span class='ocr_line' id='line_1_27' title="bbox 486 3347 2843 3437; baseline -0.001 -22"><span class='ocrx_word' id='word_1_195' title='bbox 486 3350 776 3424; x_wconf 84' lang='lat' dir='ltr'>Vestam</span> <span class='ocrx_word' id='word_1_196' title='bbox 827 3371 869 3414; x_wconf 92' lang='lat' dir='ltr'>a</span> <span class='ocrx_word' id='word_1_197' title='bbox 915 3348 1167 3436; x_wconf 89' lang='lat' dir='ltr'>Priapo</span> <span class='ocrx_word' id='word_1_198' title='bbox 1216 3359 1524 3415; x_wconf 86' lang='lat' dir='ltr'>amatam</span> <span class='ocrx_word' id='word_1_199' title='bbox 1577 3349 1795 3416; x_wconf 88' lang='lat' dir='ltr'>fuisse</span> <span class='ocrx_word' id='word_1_200' title='bbox 1841 3360 2053 3437; x_wconf 88' lang='lat' dir='ltr'>poeta</span> <span class='ocrx_word' id='word_1_201' title='bbox 2100 3349 2291 3415; x_wconf 91' lang='lat' dir='ltr'>dicit.</span> <span class='ocrx_word' id='word_1_202' title='bbox 2387 3348 2578 3432; x_wconf 77' lang='lat' dir='ltr'>Quin</span> <span class='ocrx_word' id='word_1_203' title='bbox 2627 3347 2843 3413; x_wconf 89' lang='lat' dir='ltr'>etiam</span> 
     </span>
     <span class='ocr_line' id='line_1_28' title="bbox 486 3453 2842 3543; baseline -0.001 -22"><span class='ocrx_word' id='word_1_204' title='bbox 486 3453 625 3521; x_wconf 88' lang='lat' dir='ltr'>alia</span> <span class='ocrx_word' id='word_1_205' title='bbox 672 3454 747 3519; x_wconf 90' lang='lat' dir='ltr'>in</span> <span class='ocrx_word' id='word_1_206' title='bbox 799 3456 1492 3543; x_wconf 89' lang='lat' dir='ltr'>Metamorphosibus</span> <span class='ocrx_word' id='word_1_207' title='bbox 1541 3456 1678 3542; x_wconf 76' lang='lat' dir='ltr'>(IX</span> <span class='ocrx_word' id='word_1_208' title='bbox 1711 3453 1841 3522; x_wconf 86' lang='lat'>347</span> <span class='ocrx_word' id='word_1_209' title='bbox 1875 3457 2009 3543; x_wconf 88' lang='lat' dir='ltr'>sq.)</span> <span class='ocrx_word' id='word_1_210' title='bbox 2055 3456 2345 3542; x_wconf 91' lang='lat' dir='ltr'>profert;</span> <span class='ocrx_word' id='word_1_211' title='bbox 2397 3477 2562 3520; x_wconf 88' lang='lat' dir='ltr'>nam</span> <span class='ocrx_word' id='word_1_212' title='bbox 2609 3454 2842 3540; x_wconf 90' lang='lat' dir='ltr'>Priapi</span> 
     </span>
     <span class='ocr_line' id='line_1_29' title="bbox 485 3561 2845 3649; baseline -0 -22"><span class='ocrx_word' id='word_1_213' title='bbox 485 3561 917 3628; x_wconf 90' lang='lat' dir='ltr'>mentionem</span> <span class='ocrx_word' id='word_1_214' title='bbox 978 3563 1245 3629; x_wconf 90' lang='lat' dir='ltr'>faciens</span> <span class='ocrx_word' id='word_1_215' title='bbox 1303 3563 1563 3629; x_wconf 91' lang='lat' dir='ltr'>iterum</span> <span class='ocrx_word' id='word_1_216' title='bbox 1613 3564 1872 3635; x_wconf 88' lang='lat' dir='ltr'>Lotida</span> <span class='ocrx_word' id='word_1_217' title='bbox 1930 3563 2321 3649; x_wconf 88' lang='lat' dir='ltr'>nympham</span> <span class='ocrx_word' id='word_1_218' title='bbox 2381 3563 2577 3627; x_wconf 89' lang='lat' dir='ltr'>illam</span> <span class='ocrx_word' id='word_1_219' title='bbox 2626 3561 2845 3627; x_wconf 90' lang='lat' dir='ltr'>fuisse</span> 
     </span>
     <span class='ocr_line' id='line_1_30' title="bbox 481 3668 2843 3755; baseline -0.001 -21"><span class='ocrx_word' id='word_1_220' title='bbox 481 3668 775 3752; x_wconf 90' lang='lat' dir='ltr'>obtinet,</span> <span class='ocrx_word' id='word_1_221' title='bbox 842 3669 1058 3735; x_wconf 90' lang='lat' dir='ltr'>immo</span> <span class='ocrx_word' id='word_1_222' title='bbox 1118 3692 1286 3737; x_wconf 86' lang='lat' dir='ltr'>vero</span> <span class='ocrx_word' id='word_1_223' title='bbox 1345 3669 1613 3755; x_wconf 86' lang='lat' dir='ltr'>aliquid</span> <span class='ocrx_word' id='word_1_224' title='bbox 1670 3669 1860 3752; x_wconf 87' lang='lat' dir='ltr'>novi,</span> <span class='ocrx_word' id='word_1_225' title='bbox 1927 3670 2113 3754; x_wconf 91' lang='lat' dir='ltr'>quod</span> <span class='ocrx_word' id='word_1_226' title='bbox 2172 3669 2245 3734; x_wconf 88' lang='lat' dir='ltr'>in</span> <span class='ocrx_word' id='word_1_227' title='bbox 2298 3668 2529 3734; x_wconf 88' lang='lat' dir='ltr'>Fastis</span> <span class='ocrx_word' id='word_1_228' title='bbox 2588 3677 2843 3733; x_wconf 88' lang='lat' dir='ltr'>neutro</span> 
     </span>
     <span class='ocr_line' id='line_1_31' title="bbox 483 3774 2866 3863; baseline -0 -24"><span class='ocrx_word' id='word_1_229' title='bbox 483 3777 663 3859; x_wconf 89' lang='lat' dir='ltr'>loc0,</span> <span class='ocrx_word' id='word_1_230' title='bbox 728 3797 1160 3863; x_wconf 88' lang='lat' dir='ltr'>quamquam</span> <span class='ocrx_word' id='word_1_231' title='bbox 1209 3777 1436 3843; x_wconf 89' lang='lat' dir='ltr'>multo</span> <span class='ocrx_word' id='word_1_232' title='bbox 1485 3776 1775 3862; x_wconf 86' lang='lat' dir='ltr'>longius</span> <span class='ocrx_word' id='word_1_233' title='bbox 1822 3776 2063 3841; x_wconf 88' lang='lat' dir='ltr'>fabula</span> <span class='ocrx_word' id='word_1_234' title='bbox 2114 3787 2222 3842; x_wconf 91' lang='lat' dir='ltr'>est</span> <span class='ocrx_word' id='word_1_235' title='bbox 2269 3784 2595 3850; x_wconf 73' lang='lat' dir='ltr'>tractata,</span> <span class='ocrx_word' id='word_1_236' title='bbox 2651 3774 2866 3839; x_wconf 86' lang='lat' dir='ltr'>inve--</span> 
     </span>
     <span class='ocr_line' id='line_1_32' title="bbox 482 3879 2626 3969; baseline -0 -22"><span class='ocrx_word' id='word_1_237' title='bbox 482 3883 693 3965; x_wconf 87' lang='lat' dir='ltr'>nitur,</span> <span class='ocrx_word' id='word_1_238' title='bbox 743 3881 942 3948; x_wconf 91' lang='lat' dir='ltr'>addit</span> <span class='ocrx_word' id='word_1_239' title='bbox 987 3894 1197 3969; x_wconf 88' lang='lat' dir='ltr'>poeta</span> <span class='ocrx_word' id='word_1_240' title='bbox 1246 3883 1318 3948; x_wconf 90' lang='lat' dir='ltr'>in</span> <span class='ocrx_word' id='word_1_241' title='bbox 1369 3882 2063 3969; x_wconf 88' lang='lat' dir='ltr'>Metamorphosibus</span> <span class='ocrx_word' id='word_1_242' title='bbox 2111 3885 2242 3962; x_wconf 89' lang='lat' dir='ltr'>(IX</span> <span class='ocrx_word' id='word_1_243' title='bbox 2289 3879 2419 3946; x_wconf 84' lang='lat'>347</span> <span class='ocrx_word' id='word_1_244' title='bbox 2468 3881 2626 3968; x_wconf 88' lang='lat' dir='ltr'>sq.):</span> 
     </span>
    </p>
   </div>
   <div class='ocr_carea' id='block_1_7' title="bbox 807 4025 2842 4324">
    <p class='ocr_par' dir='ltr' id='par_1_9' title="bbox 807 4025 2842 4324">
     <span class='ocr_line' id='line_1_33' title="bbox 807 4025 2842 4113; baseline -0.005 -15"><span class='ocrx_word' id='word_1_245' title='bbox 807 4025 1009 4098; x_wconf 90' lang='lat' dir='ltr'>Lotis</span> <span class='ocrx_word' id='word_1_246' title='bbox 1042 4025 1117 4091; x_wconf 91' lang='lat' dir='ltr'>in</span> <span class='ocrx_word' id='word_1_247' title='bbox 1153 4026 1338 4093; x_wconf 89' lang='lat' dir='ltr'>hanc</span> <span class='ocrx_word' id='word_1_248' title='bbox 1363 4026 1485 4113; x_wconf 93' lang='lat' dir='ltr'>(sc.</span> <span class='ocrx_word' id='word_1_249' title='bbox 1514 4026 1860 4108; x_wconf 87' lang='lat' dir='ltr'>arborem)</span> <span class='ocrx_word' id='word_1_250' title='bbox 1885 4026 2199 4113; x_wconf 90' lang='lat' dir='ltr'>nymphe</span> <span class='ocrx_word' id='word_1_251' title='bbox 2224 4025 2510 4111; x_wconf 80' lang='lat' dir='ltr'>fugiens</span> <span class='ocrx_word' id='word_1_252' title='bbox 2537 4025 2842 4091; x_wconf 87' lang='lat' dir='ltr'>obscena</span> 
     </span>
     <span class='ocr_line' id='line_1_34' title="bbox 893 4130 2650 4228; baseline -0.007 -20"><span class='ocrx_word' id='word_1_253' title='bbox 893 4200 902 4208; x_wconf 94' lang='lat'>.</span> <span class='ocrx_word' id='word_1_254' title='bbox 1740 4197 1746 4204; x_wconf 83' lang='lat'><em>.</em></span> <span class='ocrx_word' id='word_1_255' title='bbox 2365 4223 2368 4228; x_wconf 27' lang='grc' dir='ltr'>Ι</span> <span class='ocrx_word' id='word_1_256' title='bbox 2417 4130 2650 4217; x_wconf 90' lang='lat' dir='ltr'>Priapi</span> 
     </span>
     <span class='ocr_line' id='line_1_35' title="bbox 807 4239 2508 4324; baseline 0 -16"><span class='ocrx_word' id='word_1_257' title='bbox 807 4240 1225 4308; x_wconf 89' lang='lat' dir='ltr'>Contulerat</span> <span class='ocrx_word' id='word_1_258' title='bbox 1272 4261 1527 4324; x_wconf 81' lang='lat' dir='ltr'>versaS,</span> <span class='ocrx_word' id='word_1_259' title='bbox 1578 4250 1860 4308; x_wconf 87' lang='lat' dir='ltr'>servato</span> <span class='ocrx_word' id='word_1_260' title='bbox 1908 4239 2194 4307; x_wconf 91' lang='lat' dir='ltr'>nomine</span> <span class='ocrx_word' id='word_1_261' title='bbox 2243 4239 2508 4308; x_wconf 76' lang='lat' dir='ltr'>vultus,</span> 
     </span>
    </p>
   </div>
  </div>
 </body>
</html>
